3592 5400
767 646 875 692 noras.
1269 630 1310 695 33

336 842 473 905 narratur
503 860 573 904 cum
604 836 775 906 Alexandro
805 839 838 903 in
861 838 966 903 Asiam
990 839 1140 925 profectus
1170 861 1245 918 esse,
1281 844 1312 906 ct

336 978 507 1065 peregrinas
537 977 647 1043 adiisse
668 978 803 1065 regiones
829 976 872 1064 ¹):
895 977 1015 1043 taudem
1040 1001 1077 1043 ne
1100 977 1222 1044 verbum
1244 979 1310 1065 qui·

337 1114 405 1182 dem
427 1116 577 1203 injicitur,
600 1115 681 1201 quod
700 1115 911 1204 philosophus,
933 1115 1060 1182 Platone
1079 1122 1210 1195 mortuo,
1229 1118 1312 1184 venit

337 1256 500 1321 Atarneam
531 1255 567 1320 ad
592 1253 763 1334 Hermiam,
789 1252 892 1341 ibique
916 1256 1026 1321 mansit
1048 1278 1099 1343 per
1121 1278 1214 1322 annos
1236 1261 1314 1334 tres,

339 1397 370 1458 et
392 1393 472 1479 quod
495 1400 563 1482 post
585 1393 675 1482 hujus
698 1415 799 1459 necem
823 1394 1012 1482 Olympiadis
1031 1393 1150 1460 CVIII.
1170 1417 1249 1461 anno
1267 1399 1312 1462 4⁰.

338 1531 459 1599 Ilubulo
490 1532 645 1611 archonte,
678 1533 741 1599 sive
773 1536 835 1598 345
868 1556 891 1598 a
915 1533 949 1598 O.
976 1534 1126 1621 profectus
1148 1539 1194 1601 est
1216 1534 1312 1621 Mity-

337 1671 442 1750 lenen,
471 1677 501 1736 et
527 1671 617 1751 binc,
639 1672 779 1760 Philippo
803 1678 985 1751 arcessente,
1005 1672 1170 1739 Alexandri
1193 1675 1312 1740 futurus

327 1816 524 1898 praeceptor,
554 1811 587 1875 in
617 1810 824 1877 Macedoniam
857 1813 940 1877 veuit
970 1811 1111 1878 archonte
1140 1811 1312 1898 Pythodoto

340 1949 528 2038 Olympiadis
559 1950 642 2015 CIX.
671 1974 750 2016 anno
781 1957 823 2016 2⁰.
846 1951 910 2016 sive
933 1954 996 2016 343
1020 1975 1047 2017 a.
1069 1951 1103 2018 O.
1127 1951 1179 2018 ubi
1204 1953 1313 2019 mansit

338 2112 433 2175 usque
464 2090 500 2156 ad
532 2089 721 2178 Olympiadis
751 2089 829 2156 CXI
858 2113 969 2156 annum
994 2091 1066 2156 tim
1096 2115 1119 2156 s.
1143 2095 1206 2156 335
1230 2115 1255 2158 a
1278 2092 1312 2159 Ο.

338 2251 388 2316 per
419 2252 512 2294 annos
544 2229 646 2309 VIII,
677 2231 751 2316 quin
782 2236 880 2295 tamen
909 2237 990 2298 certo
1013 2237 1146 2309 constet,
1169 2231 1312 2318 quamdiu

339 2368 543 2434 Alexandrum
567 2369 718 2435 docuerit:
740 2373 776 2436 A.
800 2369 891 2435 Stahr
912 2372 1053 2458 opinatur
1075 2393 1126 2458 per
1144 2394 1238 2437 annos
1256 2371 1312 2438 IV.

337 2508 555 2595 Apollodorus,
585 2510 637 2594 qui
668 2510 700 2574 in
732 2509 893 2574 Chronicis
925 2511 1058 2575 omnium
1090 2511 1313 2576 accuratissime

338 2646 502 2713 secundum
526 2648 668 2736 temporis
688 2647 821 2714 ordinem
843 2648 1012 2737 philosophi
1034 2650 1126 2715 vitam
1147 2650 1312 2729 recensuit,

339 2786 396 2852 iter
437 2787 501 2874 ejus
542 2786 578 2851 ad
619 2786 774 2852 Hermiam
810 2789 1001 2868 memoravit;
1034 2794 1148 2867 noster,
1180 2788 1311 2855 Pseudo·

339 2926 519 2993 Ammonius
542 2932 572 2993 et
595 2926 646 2992 alii
670 2928 849 3005 omiserunt,
873 2928 960 3014 cujus
980 2928 1021 2993 rei
1041 2951 1160 2995 causam
1179 2930 1313 2997 invenire

339 3068 372 3133 in
394 3072 535 3156 promptu
557 3071 619 3146 est;
642 3065 674 3131 hi
701 3067 779 3131 enim
803 3089 906 3133 omnes
925 3067 956 3132 id
974 3073 1114 3155 egerunt,
1130 3073 1165 3134 ut
1181 3091 1311 3135 summo·

334 3215 406 3295 'pere
436 3206 591 3271 laudarent
619 3204 847 3293 philosophum
870 3207 993 3272 omnino
1015 3213 1113 3273 tacere
1134 3208 1231 3295 igitur
1251 3230 1311 3273 ma·

339 3345 460 3412 luerunt
483 3346 519 3411 de
541 3344 599 3410 hoc
620 3345 745 3423 itincre,
766 3345 845 3431 quod
866 3343 1116 3411 obtrectatoribus
1137 3346 1311 3411 Aristotelis

338 3485 486 3574 imprimis
509 3506 610 3550 ausam
633 3483 716 3549 dedit
739 3506 807 3549 eum
831 3484 1000 3549 accusandi.

345 3671 537 3681 ——--—..--

373 3776 395 3840 ¹)
414 3772 544 3823 Alexander
568 3773 604 3822 M.
629 3772 776 3839 Olympiadis
799 3772 865 3822 CXI.
887 3788 950 3822 auno
974 3773 1008 3820 1⁰.
1034 3789 1053 3821 s.
1076 3772 1133 3822 336.
1151 3787 1173 3821 a.
1191 3772 1218 3821 Ο.
1237 3787 1310 3837 reguo

339 3892 446 3956 suscepto
469 3905 530 3940 anuo
555 3890 660 3954 sequenti
683 3889 709 3939 in
733 3888 814 3939 Asiam
837 3887 932 3952 trajecit
953 3890 979 3938 in
996 3888 1078 3939 crebra
1095 3889 1207 3939 comitatu
1223 3888 1310 3940 babens

339 4008 408 4058 ctiam
425 4007 592 4057 Callisthenem
609 4006 743 4058 Aristotelis
758 4005 914 4073 discipulum
928 4006 978 4072 ipse
991 4010 1069 4056 autem
1084 4007 1220 4057 Aristoteles
1229 4006 1309 4057 eodem

339 4092 398 4175 anno
417 4124 434 4174 i.
451 4140 472 4174 e.
489 4123 637 4190 Olympiadis
656 4124 724 4173 cxI.
741 4140 802 4173 auuo
822 4124 858 4173 2⁰.
877 4141 896 4174 a.
916 4140 937 4173 a.
956 4126 985 4174 O.
1000 4126 1048 4173 335
1063 4124 1133 4174 ctiam
1147 4124 1310 4175 Macedoniam

340 4240 448 4306 reliquit,
466 4240 505 4291 sed
521 4240 571 4304 jam
588 4242 616 4291 ut
633 4241 733 4290 secundo
752 4239 827 4290 abiret
844 4241 963 4300 Athenas,
981 4240 1022 4290 nbi
1036 4241 1122 4290 iterum
1136 4241 1223 4291 mansit
1236 4230 1310 4291 anuos

341 4358 405 4409 XIII
422 4358 496 4408 donec
511 4356 646 4407 Chalcidem
661 4357 787 4418 concessit,
803 4373 857 4408 mox
872 4357 906 4407 ihi
921 4358 1050 4408 moriturus
1065 4357 1211 4423 Olympiadis
1220 4358 1309 4409 cxlv,

340 4490 398 4526 anuo
416 4477 452 4526 3⁰.
471 4475 520 4525 sive
537 4475 594 4525 322.
612 4492 633 4525 a.
653 4476 680 4525 c.

1164 4589 1176 4627 a
