3592 5400
384 480 425 543 66
612 499 707 542 CAPUT
723 498 763 541 1v.
786 498 828 540 Da
844 497 1048 540 oaacutoauu
1063 497 1262 540 convolemus·

385 651 450 711 ἐστι
462 645 662 735 φυλακτήριον
673 646 745 733 πρός
756 645 883 709 ἕκαστον
895 644 1012 733 μόριον,
1028 648 1119 707 όποῒα
1129 643 1170 707 τά
1181 642 1410 732 τελεσιουργικά
1419 640 1507 707 Χαλ-

386 746 484 819 duraci.
518 763 563 820 Ad
584 762 670 820 huius
690 762 816 819 hominiS
839 762 930 819 libros
952 760 1132 836 Porphyrius
1157 761 1364 817 commentaria
1387 759 1509 836 scripsit

387 867 485 951 (Suid.
506 891 529 931 s.
550 873 659 948 Porph.
680 871 719 940 εἰς
739 866 780 928 τά
799 863 959 952 Ἰουλιανού
977 873 1033 927 τοῦ
1053 853 1235 946 Χαλδαίου).
1275 867 1416 944 Sequitur
1429 870 1509 945 apud

387 980 520 1041 Snidam:
542 973 711 1054 Ἰουλιανός,
734 979 820 1037 ότοῢ
836 972 1050 1062 προλεχόέντος
1070 974 1142 1052 υἱός,
1162 972 1294 1062 γεγονὼς
1314 974 1362 1035 ἐπὶ
1377 971 1507 1061 Μάρκου

386 1083 559 1148 Ἀντωνίνου
578 1095 634 1148 τοῦ
650 1083 802 1168 βασιλέως.
825 1079 937 1174 ἔγραψε
956 1087 1007 1146 καὶ
1028 1085 1118 1158 αὐτός
1138 1080 1311 1172 θεουργικά,
1334 1082 1508 1160 τελεστικά,

386 1199 506 1285 λόγια
527 1185 570 1258 δι’
590 1199 703 1273 ἐπῶν,
729 1196 779 1258 καὶ
799 1193 882 1258 ἄλλα
903 1195 959 1257 ὅσα
977 1205 1032 1268 τῆς
1051 1192 1193 1267 τοιαύτης
1212 1193 1378 1282 ἐπιστήμης
1400 1192 1509 1281 κρύφια

385 1305 574 1395 τυγχάνουσι.
598 1309 655 1370 Sed
672 1313 708 1368 do
719 1311 765 1368 his
777 1311 892 1369 vatibus
906 1318 1024 1384 totoque
1037 1309 1254 1385 superstitionis
1265 1328 1372 1386 genere
1384 1308 1507 1378 doctius,

387 1440 472 1496 quam
489 1440 541 1498 ego
556 1421 682 1496 possim,
698 1420 863 1478 Lobeckius
876 1420 1072 1508 Aglaophami
1083 1419 1198 1496 paginis
1214 1420 1362 1477 98—110
1378 1426 1408 1476 et
1419 1418 1508 1477 Thilo

387 1530 630 1588 commentatione
651 1530 778 1588 secunda
797 1531 833 1586 de
853 1531 934 1588 coelo
954 1548 1090 1605 empyreo
1111 1529 1148 1585 ad
1169 1547 1253 1586 sacra
1271 1529 1425 1606 paschalia
1439 1529 1509 1585 anni

391 1643 471 1699 1840
486 1640 582 1697 Halae
597 1640 675 1696 edita
691 1640 919 1716 disputaverunt.
950 1637 1109 1696 Chaldaica
1131 1640 1305 1715 praesertim
1326 1641 1445 1697 oracula
1465 1640 1509 1696 in-

387 1759 502 1828 gentem
518 1749 720 1807 auctoritatem
735 1749 1013 1823 admirationemque
1035 1756 1121 1806 nacta
1141 1756 1223 1819 sunt,
1245 1738 1320 1825 quae
1339 1750 1511 1807 ferebantur

389 1861 504 1936 quidem
517 1880 534 1916 a
546 1860 601 1917 diis
614 1860 682 1916 data
695 1877 759 1916 esse
771 1859 800 1915 in
812 1858 961 1917 Chaldaea
972 1865 1001 1914 et
1012 1878 1030 1915 a
1041 1859 1141 1934 lingua
1153 1857 1313 1916 chaldaica
1324 1859 1355 1915 in
1365 1852 1509 1918 Graecam

389 1989 455 2029 esse
477 1989 629 2041 conversa,
653 1989 683 2026 re
705 1988 774 2027 vera
796 1977 893 2025 tamen
908 1988 927 2025 a
941 1967 1122 2044 philosophis
1144 1968 1264 2026 orientis
1280 1967 1396 2028 Graece
1418 1970 1510 2027 doctis

389 2081 552 2158 excogitata
564 2079 743 2154 Graeclaque
758 2079 935 2136 hexametris
951 2079 1117 2154 conscripta
1132 2079 1306 2154 sapientiam
1319 2078 1510 2138 Chaldaicam

390 2209 455 2249 oum
465 2190 621 2248 Platonica
632 2189 752 2245 mixtam
764 2188 953 2264 speciosoque
965 2188 1083 2244 deorum
1094 2189 1210 2246 nomine
1225 2197 1409 2264 praetextam
1419 2190 1511 2249 homi·

390 2301 476 2357 nibus
495 2299 692 2356 venditabant.
720 2297 914 2373 Porphyrium
934 2297 994 2355 illis
1014 2299 1191 2357 carminibus
1211 2299 1338 2360 nondum
1359 2301 1391 2356 in
1412 2319 1511 2359 oracu-

390 2410 484 2467 lorum
498 2407 698 2485 philosophia,
715 2407 766 2465 sed
781 2407 812 2462 in
827 2407 911 2466 libris
926 2408 962 2464 de
977 2408 1099 2465 materia
1113 2407 1227 2466 demum
1238 2428 1324 2468 usum
1339 2429 1407 2469 esse
1423 2430 1512 2488 supra

390 2520 459 2578 dlxi.
486 2518 664 2577 IambIIchus
683 2537 736 2592 pro
756 2535 836 2574 more
855 2535 908 2574 suo
928 2525 1144 2593 praeceptorem
1167 2527 1197 2576 et
1209 2519 1341 2578 imitatus
1361 2528 1408 2580 est
1423 2529 1454 2579 et
1467 2522 1511 2578 in·

390 2628 582 2707 temperantia
604 2627 759 2706 superarit.
795 2625 920 2704 Scripsit
942 2627 1020 2684 enim
1042 2623 1182 2710 περὶτῆς
1204 2613 1373 2711 χαλόαϊκῆς
1394 2630 1512 2689 caleto·

390 2734 484 2810 τάπης
505 2733 678 2820 φιλοσοφίας
697 2739 788 2797 libros
803 2738 906 2815 viginti
928 2746 991 2796 octo
1007 2739 1053 2796 vel
1073 2740 1159 2796 etiam
1174 2740 1273 2815 plures
1282 2736 1303 2811 ¹,
1325 2741 1433 2816 quihus
1450 2762 1511 2800 ora·

351 2900 361 2915 ,
391 2851 519 2909 culorum
538 2849 608 2906 fecit
628 2841 773 2931 ύφιίγιοσιν
794 2855 822 2905 et
842 2848 877 2904 de
897 2848 971 2919 fato,
993 2850 1029 2905 de
1048 2849 1242 2924 providentia,
1264 2850 1300 2907 de
1320 2851 1435 2910 ratione
1455 2872 1512 2929 qua

389 2960 432 3016 dii
454 2977 502 3016 res
523 2956 635 3015 futuras
658 2965 877 3034 cognoscerent,
902 2966 1112 3017 commentatus
1134 2952 1204 3018 estl.
1234 2960 1317 3019 Haec
1331 2970 1432 3020 autem
1447 2964 1512 3039 ipsa

389 3077 564 3145 argumenta
579 3066 758 3141 Porphyrius
774 3083 888 3141 quoque
902 3075 1087 3127 tractaverat.
1121 3067 1236 3126 Deinde
1250 3071 1395 3131 Proculus
1411 3073 1512 3148 quanti
1576 3097 1580 3103 ·

393 3177 552 3236 Chaldaica
573 3176 690 3234 oracula
710 3177 857 3246 habuerit,
883 3178 1015 3236 Marinus
1037 3180 1067 3236 in
1094 3179 1157 3237 eius
1179 3180 1240 3237 vita
1261 3189 1393 3239 extrema
1414 3183 1511 3241 docet:

392 3279 501 3344 Εἰώθει
523 3270 555 3343 δὲ
574 3278 720 3354 πολλάκις
740 3281 902 3343 καὶτοῦτο
922 3280 1034 3371 λέγειν,
1055 3283 1114 3345 ότι·
1134 3281 1242 3370 Κύριος
1261 3289 1286 3346 εἰ
1305 3278 1357 3363 ἦν,
1379 3286 1458 3374 μόνα
1478 3283 1513 3349 ἂν

392 3401 453 3455 τῶν
473 3391 602 3478 ἀρχαίων
623 3388 764 3453 ἁπάντων
785 3392 905 3474 βιβλίων
924 3392 1041 3454 ἐποίουν
1062 3390 1199 3479 φέρεσθαι
1218 3394 1259 3455 τά
1277 3394 1369 3484 λόγια
1389 3398 1443 3459 καὶ
1461 3397 1514 3459 τόν

393 3499 520 3590 Τίμαιον
536 3499 705 3584 (Platonis),
724 3500 765 3563 τά
781 3490 813 3563 δὲ
828 3498 911 3563 άλλα
924 3492 1066 3587 ἠφάνιζον
1081 3505 1115 3564 ἐκ
1129 3510 1190 3564 τῶν
1205 3510 1255 3564 νῦν
1270 3500 1449 3591 ἀνθρώπων,
1466 3496 1514 3569 διά

392 3612 428 3674 τό
445 3612 495 3673 καὶ
515 3608 702 3694 βλάπτεσθαι
717 3611 807 3684 ἐνίους
825 3620 886 3673 τῶν
903 3616 969 3681 εἰκῆ
984 3611 1034 3673 καὶ
1049 3595 1252 3693 ἀβασανίστως
1269 3616 1514 3703 ἐντυγχανόντων

394 3724 505 3794 αὐτοῖς.
534 3726 646 3783 Ibidem
667 3744 730 3801 cap.
748 3726 802 3783 26:
824 3723 971 3808 ἐπιμελῶς
990 3719 1177 3810 ἐντυγχάνων
1196 3732 1259 3796 τοῖς
1274 3721 1447 3811 Πορφυρίου
1465 3727 1515 3788 καὶ

394 3827 560 3916 Ἰαμβλίχου
582 3831 692 3918 μυρίοις
711 3829 800 3903 ὅσοις.
810 3834 849 3903 εἰς
867 3829 908 3891 τοὶ
927 3828 1017 3918 λόγια
1037 3830 1087 3892 καὶ
1107 3829 1250 3919 σύστοιχα
1269 3841 1331 3894 τῶν
1347 3824 1515 3898 Χαλδαίων

464 4080 472 4111 ¹
496 4078 605 4130 Librum
616 4078 730 4132 XXVIII
747 4078 903 4132 Damascius
921 4080 997 4133 affert
1014 4081 1068 4151 περὶ
1085 4080 1191 4150 πρώτων
1210 4079 1303 4152 ἀρχῶν.
1330 4084 1372 4137 Pr.
1386 4086 1426 4139 ed.
1438 4086 1515 4157 Kopp

395 4161 461 4215 Frcf.
481 4179 503 4214 a.
516 4163 552 4215 M.
572 4178 595 4215 a.
612 4162 676 4214 1826
693 4179 719 4230 p.
733 4163 788 4214 llo.

464 4246 475 4279 2
496 4247 651 4299 Ammonius
674 4264 700 4315 p.
715 4246 764 4298 204
787 4246 827 4299 ed.
846 4247 955 4302 Londin.
981 4250 1013 4301 ad
1029 4252 1135 4303 Aristot.
1159 4251 1190 4303 do
1211 4252 1344 4322 interpret.
1363 4271 1390 4323 p.
1403 4255 1445 4308 59.
1482 4256 1516 4309 Ut

396 4348 446 4401 ego
458 4332 583 4385 iudicarit
593 4330 726 4384 Fabricius
738 4331 801 4384 bibl.
815 4329 857 4382 Gr.
870 4331 915 4383 lib.
927 4332 944 4383 4
956 4349 1011 4401 cap.
1022 4334 1063 4389 28.
1077 4336 1119 4399 11;
1133 4334 1204 4387 haud
1215 4342 1285 4388 recte
1296 4337 1373 4390 Thilo
1386 4340 1405 4393 l.
1419 4357 1514 4393 eornm.

396 4416 450 4485 pa
469 4418 572 4469 oracula
588 4418 622 4469 ab
640 4414 782 4467 Iamblicho
801 4416 932 4483 explicata
950 4417 1065 4470 eiusdem
1083 4421 1187 4488 generis
1205 4437 1262 4472 esse
1280 4422 1424 4475 arbitratur
1436 4432 1516 4494 atque

399 4500 556 4555 Graecorum
574 4502 681 4554 deorum
699 4500 803 4552 oracula
821 4516 837 4551 a
855 4499 996 4569 Porphyrio
1014 4520 1040 4557 π.
1060 4522 1081 4554 τ.
1100 4502 1126 4555 ἐκ
1144 4503 1199 4573 λογ.
1220 4505 1269 4572 φιλ.
1288 4507 1399 4574 prolata.
