3592 5400
339 678 388 741 καὶ
400 677 458 749 τὴν
474 676 617 740 ἀπόλυσιν
633 673 726 739 εἶπεν·

466 783 649 876 ύψίπροιρον1
665 784 729 876 αἶρε
744 787 863 875 ταρσόν,
877 790 943 875 ἴσχε
959 778 1044 869 βάξιν
1059 791 1094 850 ἐκ
1109 793 1219 873 μυχῶν,

339 897 377 948 καὶ
395 893 426 948 τὰ
445 896 539 956 τούτοις
557 893 725 966 ἐπιλεγόμενα.
745 889 780 955 οἷς
798 893 931 966 έπιφέρεΰ·

291 1036 292 1044 .
339 994 387 1055 καὶ
403 981 609 1081 βραδυνόντων
624 995 787 1070 ἀπολῦσαι,
804 992 885 1078 φησί·

466 1091 633 1177 Σινδόνος3
649 1101 823 1192 ἀμπέτασον
838 1100 972 1190 νεφέλην,
988 1102 1078 1166 λῦσόν
1092 1125 1128 1166 τε
1144 1092 1249 1188 doxis.

899 1211 912 1249 ⁴
926 1212 1081 1284 τοιαύτην·

339 1214 387 1276 καὶ
401 1211 494 1276 πάλιν
509 1210 621 1276 ἄλλοτε
637 1213 780 1276 ἀπόλυσιν
796 1201 892 1275 ἔδωκε

466 1313 598 1399 Nereia
612 1321 736 1413 Νύμφαι
752 1321 887 1398 Μούσαις
903 1323 1010 1413 μίγα5
1024 1322 1114 1387 λύετε
1129 1321 1263 1408 Φοῖβονθ

370 1440 442 1499 225.
466 1423 612 1516 οζιόουσαι7
628 1432 756 1513 θείαις,
773 1434 960 1517 ἑκατηβόλον
976 1432 1157 1498 Ἀπόλλωνα

338 1582 438 1628 textum
450 1577 620 1645 purissimum
638 1583 678 1629 est
690 1578 767 1630 rebus
784 1577 877 1629 divinis
889 1578 1066 1630 velamentum
1085 1618 1111 1632 ..
1128 1577 1303 1630 mundissime
1319 1577 1368 1630 lini
1382 1592 1459 1646 seges

338 1702 362 1713 ..
381 1680 435 1713 non
453 1662 570 1716 ruodo..
588 1663 697 1714 amictui
714 1662 886 1715 sanctissimis
905 1663 1094 1731 Aegyptiorum
1112 1664 1305 1728 sacerdotibus,
1323 1661 1369 1715 sed
1387 1679 1460 1732 oper-

338 1748 375 1798 tui
398 1763 503 1816 quoque
524 1747 602 1799 rebus
620 1748 699 1799 sacris
718 1752 873 1817 usurpatur“
893 1753 924 1798 nt
940 1748 977 1799 ait
994 1748 1119 1816 Apuleius
1141 1748 1172 1800 de
1195 1749 1285 1817 magia
1307 1747 1340 1799 56
1362 1750 1399 1817 (p.
1407 1747 1461 1800 310
1586 1811 1589 1828 γ

337 1830 477 1894 Μωυσέα).
512 1832 603 1883 Multis
625 1832 694 1884 huuc
717 1850 795 1884 usum
818 1833 932 1885 illustrat
948 1829 1137 1884 llssdebrandus
1162 1832 1194 1883 ad
1212 1833 1313 1901 Apulei.
1330 1832 1460 1884 11.10.1.
1555 1900 1559 1913 ι

337 1918 437 1968 'lentus
454 1917 503 1967 lini
520 1917 643 1985 Aegyptii
660 1917 688 1969 in
706 1919 786 1969 sacris
805 1917 907 1968 arcanis
925 1921 981 1968 erat
998 1933 1075 1979 usus,
1096 1922 1127 1968 ut
1147 1917 1204 1985 ipse
1226 1917 1270 1967 ille
1287 1917 1414 1985 Apuleius
1434 1921 1461 1968 et

336 2002 491 2070 Apollonius
504 2001 649 2069 Tyauensis
668 2001 799 2070 (Philostr.
813 2003 858 2054 vit.
871 2000 1021 2070 Apellen.8
1043 2001 1067 2052 7.
1082 2001 1133 2069 14.)
1151 2001 1221 2069 quod
1237 2002 1355 2054 vestibus
1372 2001 1459 2054 linteis

336 2092 513 2150 utererentnr,
531 2087 595 2138 artis
612 2088 731 2155 magicae
749 2091 941 2139 accusarentur.

393 2170 417 2203 ¹²
436 2169 549 2239 ἀποεῖρας
568 2170 656 2223 HCDF
659 2172 690 2224 G.

406 2257 414 2289 ¹
434 2256 482 2307 ΑΗ
499 2253 647 2324 ἀπόλαυσιν,
667 2253 748 2324 βόσιν,
768 2254 955 2325 ἐπιλελεγμένοι,
974 2273 1025 2310 em.
1038 2262 1127 2309 autem
1140 2250 1203 2306 elaten
1216 2254 1367 2326 ὑψέπρωρον.
1386 2255 1458 2309 Eust.

337 2343 368 2392 ad
381 2340 429 2392 Od.
440 2341 463 2392 9.
476 2340 537 2392 sle:
556 2340 645 2410 ταρρος
658 2338 672 2392 ὁ
685 2345 785 2411 στοῖχος
798 2344 847 2392 τῶν
860 2344 966 2409 κωπῶν,
985 2348 1011 2393 et
1028 2348 1134 2395 anctore
1150 2342 1224 2394 Aelio
1234 2342 1361 2409 Dionysio
1374 2341 1460 2413 tappet

337 2425 376 2476 καὶ
395 2425 482 2494 ταρσοὶ
546 2425 576 2475 τὰ
594 2425 759 2494 πλατύσματα
777 2429 826 2477 τῶν
846 2429 946 2478 κωπῶν.
981 2426 1048 2478 Plut.
1061 2428 1156 2479 Anien.
1169 2427 1202 2479 63
1213 2428 1263 2479 im:
1282 2425 1339 2487 τοὺς
1357 2425 1384 2478 δὲ
1401 2445 1460 2496 ταρ-

338 2505 463 2569 σοῦςτῶν
482 2512 541 2560 νεῶν
560 2507 652 2579 έγεέρας
671 2511 711 2561 καὶ
729 2511 856 2578 πτερώσας
869 2508 1017 2578 ἑκατέρωθεν
1037 2550 1062 2563 ..
1081 2509 1247 2580 ἀντιπρῴρους
1261 2514 1379 2580 συνεῖχεν.
1409 2512 1459 2563 lta-

338 2612 388 2664 que
411 2595 526 2664 explico:
548 2596 660 2648 sublime
683 2602 754 2648 verte
777 2596 930 2664 remigium,
952 2601 982 2646 ut
1003 2612 1080 2664 prora
1103 2596 1131 2648 in
1153 2596 1236 2647 altum
1259 2600 1371 2664 spectet,
1394 2595 1411 2648 i.
1428 2612 1459 2659 e.,

337 2697 420 2750 quum
437 2682 527 2751 ταρσός
545 2681 623 2733 simul
641 2681 714 2751 pedis
732 2681 823 2749 planta
839 2682 884 2746 sit,
903 2687 959 2732 tum
977 2685 1048 2733 totus
1065 2696 1126 2750 pes,
1143 2680 1236 2750 pedem
1253 2697 1343 2733 meum
1357 2679 1390 2732 ad
1402 2696 1459 2733 cae

336 2768 392 2819 lum
410 2768 487 2830 tolle,
511 2768 617 2817 remotis
636 2766 828 2836 impedimentis
847 2772 872 2817 et
889 2766 1014 2830 vinculis,
1038 2783 1104 2834 quae
1128 2766 1155 2817 in
1176 2772 1245 2818 terra
1262 2782 1304 2818 me
1322 2766 1460 2819 retineant.

337 2852 405 2903 Tum
423 2869 448 2920 q.
461 2868 482 2902 s.
500 2868 553 2904 nou
570 2850 619 2903 hoc
637 2852 800 2919 sigmficuut:
819 2852 882 2902 siste
901 2857 947 2902 tua
964 2851 1080 2903 carmina
1098 2868 1132 2902 ex
1149 2851 1256 2903 latebris
1273 2851 1395 2922 profusa,
1414 2850 1460 2903 sed

336 2937 400 2988 siste
422 2952 482 2988 mea
504 2937 610 2987 oracula
632 2952 665 2987 ex
688 2937 772 3005 adytis
796 2937 958 2989 emanantia:
980 2953 1093 3005 namque
1117 2941 1143 2989 et
1165 2932 1230 3003 βάξις
1253 2936 1284 2989 de
1309 2938 1411 2990 oraculo
1434 2940 1462 2988 et

337 3020 414 3090 μυχοί
432 3021 464 3073 de
482 3021 560 3088 ardyto
578 3022 683 3089 propria
703 3028 765 3073 sunt
787 3023 923 3076 vocabula.
940 3052 974 3061 —
991 3021 1060 3075 Fert.
1085 3039 1119 3074 ex
1140 3020 1189 3074 hoc
1212 3023 1317 3075 oraculo
1335 3021 1460 3075 Proculus

335 3106 368 3158 ad
380 3106 447 3158 Plat.
460 3123 541 3175 remp.
554 3124 579 3175 p.
589 3105 640 3159 380
651 3123 755 3159 versum
768 3109 892 3177 sumpsit:
907 3106 935 3157 οὖ
946 3106 1011 3176 φέρει
1021 3125 1050 3177 με
1060 3112 1103 3159 τοῦ
1114 3108 1206 3177 δοχῆος
1215 3106 1230 3174 ἦ
1240 3105 1343 3159 τάλαινα
1352 3106 1449 3176 καρδία.

406 3190 417 3223 ²
437 3190 585 3260 συνεπιφέρει
602 3190 633 3243 D.

406 3276 417 3309 ³
436 3276 553 3335 συνδόνας
571 3274 606 3339 Β,
625 3276 737 3336 σινδόνας
754 3278 823 3340 rell,
842 3275 995 3327 ἀναπέτασον
1012 3276 1115 3340 BOFG,
1135 3275 1212 3345 δοχέα
1229 3277 1260 3328 Ι).
1295 3276 1382 3344 Vulgo
1406 3293 1460 3329 non

336 3366 409 3431 post,
429 3361 553 3413 sedante
572 3360 673 3430 νεφελην
691 3362 892 3430 interpungitur.
923 3361 1035 3428 Vigerus
1047 3362 1075 3412 iu
1087 3366 1175 3412 annot
1188 3361 1304 3425 dubitat,
1316 3370 1355 3411 'an
1373 3361 1460 3413 tenuis

337 3448 462 3498 carbasus
485 3446 648 3515 significetur
669 3452 698 3497 ut
716 3464 731 3498 a
748 3446 776 3499 P.
795 3446 861 3513 Syro
878 3445 911 3497 fr.
923 3446 973 3498 inc.
989 3445 1038 3496 lv.
1050 3445 1081 3496 17
1099 3443 1234 3496 Ribbeck:
1260 3444 1396 3513 ,Aequum
1419 3449 1461 3497 est

336 3532 444 3583 induere
462 3539 569 3600 nuptam
588 3538 696 3583 venturu
714 3532 844 3594 textilem,
862 3531 950 3599 palam
967 3534 1084 3598 prostare
1096 3528 1195 3580 nudum
1207 3529 1235 3579 in
1247 3529 1342 3580 nebula
1353 3530 1458 3580 linea?“

336 3618 371 3668 At
389 3616 460 3685 quod
476 3617 587 3668 mimum
605 3617 704 3680 decuit,
722 3634 776 3669 uou
794 3616 867 3667 decet
880 3616 1021 3667 oraculum.
1048 3613 1112 3667 Lob.
1126 3614 1184 3681 Agl.
1200 3612 1248 3665 108
1261 3611 1367 3681 κεφαλῆς
1380 3613 1459 3665 conii-

337 3704 380 3755 cit.
400 3702 457 3769 Ego
476 3702 585 3760 σινδόνος
603 3703 706 3770 scripsi,
724 3719 777 3753 nen
795 3706 825 3752 ut
842 3700 958 3751 sindonis
976 3699 1059 3750 nubes
1076 3699 1279 3766 intellegeretur,
1300 3713 1367 3767 quae
1386 3698 1461 3767 quasi

337 3789 433 3840 obtusa
450 3791 520 3838 esset
536 3804 617 3855 purae
634 3788 749 3839 numinis
766 3787 860 3849 menti,
884 3786 954 3836 claro
978 3785 1115 3836 caelicolae
1133 3783 1239 3848 lumini,
1263 3813 1297 3822 -
1318 3800 1380 3835 narn
1403 3788 1460 3835 tum

337 3872 458 3923 σκέδασον
476 3873 563 3940 potius
581 3871 719 3923 dicendum
736 3877 803 3934 erat,
822 3902 855 3909 —
872 3870 918 3922 sed
935 3875 965 3922 ut
979 3870 1068 3939 image
1082 3869 1216 3921 duceretur
1228 3870 1261 3921 ab
1274 3870 1374 3939 aucipe.
1396 3868 1460 3922 Eius

337 3953 408 4008 enirn
426 3957 491 4007 retia
508 3958 646 4025 laqueique
665 3957 802 4024 aliquoties
821 3954 918 4023 νεφέλαι
937 3954 1063 4007 dicuntur.
1099 3954 1212 4020 Sinden,
1235 3960 1369 4007 contracta
1386 3954 1460 4023 quasi

337 4043 407 4094 circa
425 4041 503 4093 deum
521 4041 663 4094 aetherium
680 4046 710 4092 ut
728 4042 795 4093 circa
812 4056 888 4092 avem
906 4057 952 4109 per
969 4042 1072 4093 caelum
1089 4040 1234 4105 volantem,
1256 4040 1371 4110 expandi
1387 4040 1460 4092 iube·

337 4134 380 4180 tur
398 4144 429 4179 ac
447 4128 522 4181 solvi.

406 4213 418 4245 ⁴
437 4210 573 4263 ἀπόλλυσιν
590 4213 624 4276 A,
643 4208 737 4272 ἔδωκας
756 4210 813 4275 CG,
832 4207 929 4271 ἕδωκεῒς
947 4211 975 4264 F.
994 4228 1059 4267 corr.

407 4298 417 4329 ⁵
437 4294 582 4367 μεγάλοιότε
600 4298 657 4361 All,
675 4296 743 4348 unde
764 4296 845 4349 Gaisf.
863 4297 931 4349 coni.
947 4297 1102 4366 pepulistis.
1138 4297 1204 4349 Rell.
1218 4294 1291 4348 codd.
1304 4292 1369 4363 μέγα
1381 4291 1457 4345 λύετε.

337 4383 423 4452 Marg.
435 4383 496 4451 vig.
509 4402 547 4452 γρ.
567 4382 634 4452 μέγα.

407 4468 419 4500 ⁶
438 4468 515 4536 φόβον
533 4467 605 4521 BGF.

407 4552 481 4605 ⁷Sic
500 4552 557 4617 ΑΗ,
575 4554 630 4604 rell.
648 4547 777 4604 ἀείδουσαι.
813 4552 880 4604 Τιιιιι
899 4551 1065 4617 eeathFG,
1084 4549 1172 4614 θεὰΕ,
1192 4547 1251 4599 dcccl
1265 4548 1343 4605 Aul).
1377 4548 1459 4603 Malui

1190 4651 1237 4702 11*
