3592 5400
322 515 382 579 148
804 536 894 613 uranx
915 537 947 578 11.

320 683 457 773 ἱμόινεες1
476 688 584 759 ἐντοῖς
604 688 689 771 ἱεροῖς
704 684 944 772 ἐπιρρόσσονται,
965 684 1016 746 καὶ
1036 674 1100 764 ζῷα
1119 671 1351 771 προσουθίζεται
1370 681 1442 771 πρό2

320 805 375 870 τῆς
398 793 552 884 θρησκείας
573 804 634 857 τῶν
657 791 744 857 θεῶν·
774 786 995 868 ἐξελαυνόντων
1016 803 1077 857 τῶν
1099 790 1199 881 ἱερέων
1224 791 1369 867 τούτους3
1395 783 1443 855 dni

282 923 295 961 d
321 915 375 968 τοῦ
393 894 494 968 θοῦναι
509 914 643 994 πνεῦμα,
659 905 730 976 rire
740 903 769 966 ,r
784 899 860 994 αἷμα
876 896 977 988 ζῴων,
994 906 1044 967 καὶ
1061 894 1111 966 daei
1124 913 1180 978 τῆς
1194 913 1250 967 τοῦ
1266 904 1353 992 ἀέρος
1367 907 1443 974 πλη-

321 1015 405 1107 γῆς5·
432 1018 479 1080 ἵνα
505 1015 622 1079 τούτων
647 1013 841 1079 ἀπελθόντων
866 1017 1013 1102 παρουσία
1038 1023 1092 1079 τοῦ
1120 1012 1189 1077 θεοῦ
1211 1013 1366 1104 γένιοται.6
1395 1016 1444 1077 καὶ

390 1171 398 1202 ¹
418 1169 465 1222 ΑΗ
480 1174 510 1221 ut
522 1169 594 1238 vulg.
618 1168 633 1233 ἢ
648 1165 759 1237 μάντεσι,
776 1167 797 1219 Ε
814 1164 936 1237 ἱμάντοος.
957 1168 998 1220 Ex
1009 1166 1117 1236 reliquis
1132 1166 1215 1220 Gaisf.
1228 1163 1326 1235 ἱμάντες
1339 1167 1442 1236 recepit.

321 1255 389 1306 Turn
406 1252 430 1304 ἐν
449 1271 500 1307 om.
519 1259 545 1305 et
562 1251 715 1322 ἐπιρρήσεται
732 1253 858 1321 praebent
875 1252 929 1305 ΑΗ.

390 1339 400 1372 ²
419 1339 623 1408 προοουδίζονται
641 1338 702 1407 προς
719 1338 776 1401 FG,
796 1338 991 1407 προεοοδίζοντα
1009 1337 1070 1407 πρός
1086 1339 1117 1391 Ι).
1136 1336 1273 1406 Porphyrii
1290 1338 1374 1390 verba
1390 1354 1443 1390 mo·

320 1426 453 1477 numentis
470 1424 583 1492 Aegypt.
602 1425 811 1493 comprobantur.
848 1423 925 1493 Apud
941 1424 1066 1492 Lepsium
1083 1424 1232 1492 sepulcrum
1248 1421 1394 1475 Gisehense
1413 1422 1443 1473 26

321 1511 415 1562 veteris
434 1510 548 1578 imperii,
573 1510 678 1576 quintae
701 1524 794 1576 regum
818 1509 894 1560 seriei
917 1509 1007 1560 secti
1026 1508 1116 1561 10173
1133 1509 1242 1577 praebet
1259 1508 1355 1559 dextra
1372 1513 1443 1577 parte

321 1600 426 1647 taurum
443 1593 517 1645 humi
533 1598 705 1661 prostratum,
729 1594 802 1645 cuius
826 1593 905 1663 pedes
924 1593 974 1645 duo
992 1593 1148 1662 posteriores
1167 1598 1193 1643 et
1211 1595 1275 1644 alter
1286 1588 1366 1661 'prior
1384 1593 1442 1644 loris

320 1680 403 1731 vincti
415 1684 441 1730 et
453 1679 565 1730 connexi
578 1683 655 1743 ⁸sunt;
673 1684 746 1747 parte
764 1679 871 1730 sinistra
882 1685 987 1730 taurum
1000 1678 1119 1746 quamvis
1132 1682 1338 1746 repugnantem,
1357 1682 1443 1729 tamen

321 1765 374 1815 ianr
391 1769 559 1833 prostratum.
595 1764 694 1818 Ibidem
711 1764 757 1816 iol.
770 1764 801 1814 71
821 1765 971 1833 sepulcrum
989 1763 1047 1815 251)
1064 1763 1173 1832 praebet
1191 1763 1242 1815 duo
1260 1768 1365 1828 tauros,
1384 1780 1443 1832 quo·

222 1909 223 1912 γ
321 1866 380 1901 rum
398 1849 561 1918 remipedes
580 1850 660 1901 vincti
678 1854 753 1912 sunt;
776 1850 881 1900 alterius
904 1849 974 1901 tauri
991 1849 1102 1900 alterum
1118 1848 1212 1916 pedem
1229 1849 1344 1917 priorem
1363 1865 1443 1900 sacer-

322 1934 369 1986 dos
392 1935 515 1999 abscidit,
536 1935 607 1986 tertii
629 1935 702 1987 bovis
725 1934 804 2003 pedes
828 1934 985 2003 posteriores
1009 1950 1025 1984 a
1047 1932 1179 1985 sacerdote
1201 1933 1265 1984 loris
1287 1935 1442 1996 vinciuntur,

323 2021 433 2072 alterum
450 2020 544 2090 pedem
562 2021 675 2089 priorem
693 2020 821 2072 secundus
841 2020 961 2072 sacerdos
983 2019 1046 2070 loris
1069 2018 1206 2069 admovere
1230 2018 1330 2082 studet,
1354 2019 1441 2070 tertius

323 2105 444 2159 sacerdos
457 2106 550 2158 bovem
563 2106 686 2158 cornibus
697 2111 791 2157 tenens
804 2111 911 2157 coercet.
944 2101 1062 2173 Memphi
1075 2117 1178 2171 quoque
1190 2104 1219 2154 in
1231 2108 1341 2172 quartae
1353 2120 1442 2173 regum

322 2191 399 2243 seriei
417 2191 535 2259 sepulcro
555 2197 618 2243 sect.
632 2191 647 2242 2
664 2191 709 2242 iol.
722 2191 755 2242 32
774 2196 863 2242 taurus
875 2191 980 2242 vinctus
997 2188 1070 2240 humi
1082 2190 1157 2240 iacet.
1193 2189 1233 2241 lta
1247 2194 1355 2241 auctore
1366 2191 1441 2241 Hero·

323 2274 383 2327 doto
402 2275 426 2328 2.
443 2275 491 2326 132
508 2275 535 2326 in
554 2277 648 2327 annuis
662 2275 769 2327 Osiridis
789 2276 868 2327 sacris
886 2291 966 2327 vacca
978 2280 1069 2326 aurata
1085 2273 1317 2325 circumferebatur
1335 2291 1441 2326 asacer·

323 2360 440 2422 dotibus,
460 2358 505 2409 oda
524 2355 596 2430 ὀρθή,
616 2357 672 2410 ἀλλ’
691 2357 714 2409 ἐν
733 2361 835 2429 γούνασι
854 2359 962 2430 κειμένη,
982 2364 1007 2411 et
1024 2364 1129 2410 auctore
1143 2359 1251 2410 Castore
1269 2375 1311 2428 ap.
1330 2359 1397 2411 Plut.
1415 2359 1441 2409 de

323 2445 391 2497 Iside
403 2443 434 2496 31
453 2461 478 2513 p.
491 2443 567 2496 3631)
587 2446 715 2513 sigillum,
735 2462 786 2514 quo
805 2446 884 2497 boves
897 2444 1019 2513 Typhoni
1035 2443 1169 2495 mactandi
1181 2445 1356 2508 notabantur,
1375 2461 1442 2513 prae·

323 2531 402 2582 bebat
420 2525 548 2598 ἄνθρωπον
567 2528 598 2590 εἰς
617 2532 676 2599 γόνυ
695 2529 837 2599 καθεικότα,
860 2533 913 2590 ταῖς
936 2529 1020 2600 χερσὶν
1044 2525 1124 2579 όπίοω
1147 2529 1334 2597 περιηγμέναις,
1357 2526 1442 2599 ἔχοντα

323 2611 386 2665 κατὰ
403 2617 445 2681 τῆς
464 2618 559 2684 σφαγῆς
579 2614 644 2684 ξίφος
669 2613 818 2684 ἐγκείμενον,
843 2615 875 2666 ad
899 2631 966 2684 quae
988 2616 1068 2666 verba
1089 2613 1234 2681 Partheyus
1256 2631 1282 2683 p.
1296 2615 1347 2666 222
1370 2616 1443 2682 signa

323 2700 440 2753 eiusdem
457 2699 543 2753 forma
559 2699 756 2770 hieroglyphice
774 2702 925 2765 delineavit,
950 2716 1017 2770 quae
1035 2702 1066 2753 H.
1084 2698 1247 2769 Brugschius
1267 2699 1333 2752 mihi
1350 2699 1443 2752 indicat

323 2786 471 2855 significare
490 2788 538 2838 sba
555 2787 571 2838 i.
586 2804 607 2838 e.
625 2788 799 2856 impietatem,
818 2786 936 2856 impium.
971 2787 1026 2838 lam
1038 2784 1192 2837 Plutarchus
1206 2786 1350 2850 intellexit,
1369 2786 1442 2838 sacri-

323 2871 383 2923 ficia
400 2872 437 2922 ita
454 2872 488 2923 ab
500 2871 636 2939 Aegyptiis
656 2888 713 2923 esse
730 2873 865 2938 instituta,
885 2872 947 2939 quia
963 2872 1085 2923 victimae
1102 2870 1240 2923 hominurn
1253 2872 1359 2940 culpam
1377 2873 1442 2923 luere

323 2956 484 3018 viderentur3
501 2955 671 3024 Porphyrius,
690 2957 780 3026 populi
797 2957 880 3025 ipsius
904 2957 1059 3008 sententiam
1082 2956 1153 3008 haud
1167 2962 1319 3019 assecutus,
1343 2957 1442 3007 daemo-

323 3057 370 3092 nes
388 3041 425 3091 ita
442 3041 553 3109 placari,
576 3058 629 3093 non
652 3041 728 3104 deos,
752 3042 859 3094 censuit.
897 3041 949 3094 Sed
972 3059 1000 3093 re
1017 3058 1079 3093 vera
1097 3043 1218 3093 victimae
1240 3042 1315 3094 humi
1336 3047 1442 3112 proster-

323 3126 466 3188 nebantur,
479 3130 514 3177 ut
532 3126 582 3190 ait,
601 3131 626 3177 et
643 3127 699 3178 lora
717 3127 990 3190 circumiaciebantur,
1008 3128 1024 3178 i.
1038 3144 1060 3178 e.
1079 3127 1149 3178 circa
1166 3127 1255 3195 pedes.

392 3211 403 3243 ³
421 3212 568 3263 Daemones
585 3213 678 3266 malos.
714 3211 762 3264 ΑΗ
779 3212 835 3271 τοὺς
853 3229 900 3281 pro
918 3212 1027 3271 τούτους.

391 3297 403 3331 4
421 3296 465 3349 Sic
484 3298 576 3366 scripsi
593 3314 640 3365 pro
659 3298 682 3362 ἢ.
719 3297 872 3349 Sacerdotes
892 3297 1032 3349 daemones
1050 3298 1190 3365 placabant
1207 3297 1294 3349 danda
1306 3298 1340 3350 iis
1352 3299 1442 3359 anima

324 3381 350 3435 id
368 3388 407 3434 est
425 3383 578 3435 animalium
596 3383 732 3451 sanguine.
768 3382 887 3450 Namque
910 3383 1038 3450 sanguine
1062 3388 1160 3434 veteres
1184 3384 1301 3434 animam
1320 3383 1443 3436 contineri

324 3468 518 3520 existimabant.
539 3467 574 3519 Ut
586 3468 744 3536 sanguinem
756 3467 863 3530 diceret,
875 3468 1031 3519 movebatur
1043 3467 1203 3536 Porphyrius
1215 3468 1331 3520 fortasse
1343 3470 1443 3538 Aegyp-

323 3554 420 3605 tiorum
437 3570 523 3618 more,
542 3569 620 3622 quem
638 3554 665 3604 in
684 3553 770 3604 culina
788 3557 858 3604 certe
875 3552 989 3621 sepulcri
1003 3553 1108 3604 Ramsis
1121 3552 1157 3604 Ill
1175 3551 1272 3605 Thebis
1290 3556 1387 3622 reperti
1403 3571 1442 3621 ap.

323 3638 646 3691 Wilkinsonemtab.191
666 3639 788 3707 (popular
812 3643 923 3690 account
947 3637 976 3688 of
994 3636 1038 3688 the
1062 3638 1167 3689 ancient
1183 3637 1343 3705 Egyptians.
1364 3637 1443 3691 Lond.

325 3722 612 3793 1854t0m1p.175)
631 3724 815 3792 perspicimus,
838 3723 885 3774 ubi
907 3739 940 3773 ex
959 3724 1045 3791 capite
1064 3722 1139 3774 bovis
1157 3720 1231 3773 humi
1252 3723 1379 3789 iacentis,
1402 3725 1443 3775 ab·

324 3809 391 3860 sciso
411 3810 477 3860 collo
502 3808 621 3871 dimidio,
646 3809 755 3877 sanguis
777 3809 904 3860 ebulliens
928 3825 990 3859 vase
1014 3809 1156 3877 excipitur3
1179 3808 1234 3860 abit
1257 3807 1338 3862 homo
1363 3810 1444 3862 simile

323 3907 369 3943 vas
396 3898 511 3961 portans.
538 3924 571 3930 -
596 3893 733 3961 Respicere
756 3892 807 3945 huc
828 3892 931 3944 ridetur
956 3892 1014 3945 Iul.
1036 3893 1196 3944 Firnricus
1219 3894 1392 3947 Maternus
1415 3893 1444 3945 de

324 3992 409 4028 errore
431 3976 601 4044 profanarum
622 3979 779 4046 religionum
803 3994 858 4046 cap.
874 3978 906 4029 14
929 3978 980 4045 (ed.
1003 3979 1123 4030 Muenter
1140 3979 1223 4029 Hayn.
1244 3978 1336 4048 lacet
1362 3978 1444 4044 ,Nihil

324 4062 394 4113 enim
413 4067 552 4129 operantur
570 4063 672 4113 animae
691 4068 716 4114 et
733 4080 809 4114 cruor
827 4080 861 4114 ex
878 4063 985 4114 assidua
1001 4063 1131 4131 pecudum
1149 4063 1227 4114 caede
1239 4065 1378 4133 profusus,
1395 4064 1444 4116 nisi

323 4151 354 4198 ut
375 4145 532 4198 daemonum
554 4147 702 4198 substantia
719 4187 742 4200 ..
759 4148 809 4199 isto
834 4149 963 4216 sanguine
985 4150 1121 4201 nutriatur.
1157 4148 1225 4200 Nam
1247 4150 1287 4200 ita
1309 4168 1369 4202 esse
1385 4150 1443 4201 Por·

322 4231 431 4301 phyrius
456 4273 481 4284 ..
501 4231 528 4281 in
551 4232 639 4283 multis
663 4233 848 4283 sceleratarum
870 4234 1035 4301 impietatum
1057 4234 1172 4302 scriptis,
1196 4235 1347 4287 manifestis
1370 4235 1443 4287 nobis

323 4317 521 4385 probationibus
545 4316 665 4386 prodidit.
705 4316 736 4368 In
757 4317 830 4368 libris
853 4318 924 4368 enim
947 4361 974 4373 ..
998 4337 1023 4369 π.
1043 4336 1064 4368 τ.
1089 4316 1115 4369 ἐκ
1139 4317 1195 4387 λογ.
1221 4318 1297 4387 φιλ.“
1321 4326 1348 4373 et
1370 4338 1395 4389 q,
1411 4335 1443 4382 s,

323 4400 392 4452 inira
408 4418 424 4453 a
440 4418 483 4453 me
502 4402 637 4472 descripta.

393 4486 403 4517 ⁵
423 4488 546 4539 Videntur
565 4494 610 4540 aut
627 4488 689 4541 loris
707 4493 753 4539 aut
770 4486 882 4557 flagellis
902 4494 947 4540 aut
961 4491 1083 4543 manibus
1096 4506 1183 4543 aerem
1194 4491 1356 4558 pulsavisse,
1375 4496 1443 4543 ante-

324 4585 403 4641 quam
426 4572 609 4626 sacrificarent.
643 4574 760 4643 Flagello
785 4572 926 4627 daemones
949 4574 1064 4627 cohiberi
1085 4577 1221 4628 oraculum
1242 4581 1270 4629 et
1286 4576 1443 4647 Porphyrius
