3592 5400
756 639 989 686 rnotneonrnn.
1311 640 1343 686 ΙΧ

366 854 434 897 cnm
455 838 553 898 vetere
571 833 766 900 translatione
784 839 815 900 et
834 834 1049 899 commentario
1069 833 1168 899 ederet
1189 832 1228 921 1),
1240 833 1343 921 uepri-

366 993 447 1037 mnm
463 971 555 1059 (qnod
566 979 669 1039 narrat
680 973 739 1040 Ad.
757 972 847 1040 Stehr
858 975 894 1041 Τ.
908 975 934 1039 Ι.
946 997 973 1061 p.
989 973 1043 1061 14)
1058 975 1150 1039 vitam
1163 980 1237 1037 κατ’
1250 973 1342 1057 Ἀμ-

364 1114 490 1195 μώνιον
518 1114 551 1179 in
582 1114 679 1179 lucem
706 1114 830 1202 prodere
852 1114 1054 1192 existimavit,
1077 1136 1164 1199 quam
1190 1112 1343 1179 Nunneeii

366 1257 494 1317 mentem
526 1253 667 1319 refutavit
695 1253 794 1339 (Vidr.
825 1253 843 1319 l.
867 1275 892 1318 ο.
916 1253 974 1318 Ad.
999 1251 1100 1339 Stahr)
1124 1253 1265 1332 densius,
1290 1252 1343 1318 ob·

278 1385 280 1388 ’
366 1413 486 1457 servans
508 1390 590 1458 illam
616 1397 689 1455 κατ’
714 1392 913 1476 Ἀμμώνιον
933 1393 1024 1458 vitam
1041 1393 1102 1478 jam
1121 1392 1234 1458 dudum
1258 1397 1344 1458 antee

366 1530 504 1597 Venetiie
533 1531 570 1596 ab
592 1531 673 1597 Aldo
695 1533 727 1596 in
751 1532 884 1597 editione
906 1554 1027 1619 operum
1051 1531 1225 1597 Aristotelis
1248 1531 1341 1597 tuisse

366 1671 464 1737 datam
496 1671 582 1736 annis
614 1674 844 1737 loeo-1498.
878 1671 941 1744 Qui
975 1693 1043 1736 vero
1067 1670 1145 1736 hano
1167 1671 1342 1737 Aristotelis

365 1835 487 1899 opernm
518 1813 679 1878 editionem
710 1811 852 1878 Aldinam
887 1811 1006 1900 (Venet.
1039 1810 1270 1897 loeo-1498)
1294 1813 1343 1877 in-

365 1953 478 2040 spicere
513 1951 600 2029 velit‚
635 1951 714 2039 leget
747 1953 819 2016 istic
854 1951 926 2037 βίος
962 1949 1220 2036 Ἀριστοτέλους
1257 1953 1342 2015 κατὰ

367 2090 570 2170 Φιλόπονον,
602 2115 662 2156 non
697 2114 764 2157 vero
796 2098 869 2155 κατ’
902 2090 1114 2173 Ἀμμώνιον,
1139 2091 1275 2176 quamvis
1298 2113 1343 2156 re·

365 2253 433 2296 vera
462 2231 550 2295 etiem
576 2229 625 2295 hic
650 2232 734 2293 κατὰ
760 2228 949 2294 Φιλόπονον
974 2231 1062 2315 βίος,
1087 2237 1201 2317 praeter
1223 2231 1343 2318 paneis·

364 2371 440 2436 sima
469 2369 583 2435 nullius
606 2391 697 2456 paene
727 2370 886 2446 momenti,
910 2368 996 2456 plane
1028 2368 1135 2433 similis
1159 2370 1199 2433 sit
1226 2368 1342 2456 vulgari

365 2514 439 2572 κατ’
463 2506 662 2589 Ἀμμώνιον
688 2507 774 2573 vitae
798 2507 904 2572 Potuit
926 2508 1022 2594 igitur
1045 2509 1262 2593 quodammodo
1286 2506 1343 2573 hoe

364 2647 422 2714 sibi
453 2670 568 2713 sumere
603 2646 758 2736 Hispanus
788 2646 840 2712 ille
870 2646 904 2712 P.
936 2646 966 2711 J.
1000 2647 1146 2726 Nunnez‚
1169 2651 1204 2713 ut
1228 2647 1342 2735 primus

364 2788 540 2854 Aristotelis
574 2787 666 2851 vitam
696 2789 816 2852 nomine
845 2793 919 2849 κατ’
952 2786 1150 2868 Ἀμμώνιον
1182 2788 1215 2851 in
1246 2786 1342 2852 lucem

363 2927 476 2992 ederet:
507 2948 606 2992 revera
637 2932 734 2991 antem
764 2927 827 3011 jem
851 2925 897 2991 bis
922 2925 959 2992 ab
982 2926 1080 3002 Addo,
1103 2926 1232 3013 primum
1257 2927 1343 2991 annis

365 3070 585 3133 loeo-1498
620 3066 741 3130 nomine
777 3067 861 3128 κατὰ
895 3064 1099 3160 Φιλόπονον,
1131 3066 1240 3130 iterum
1265 3088 1343 3130 anno

246 3274 249 3279 ,
364 3209 466 3283 1503,
496 3205 547 3270 sed
578 3212 644 3271 tum
675 3206 739 3269 sine
762 3205 900 3280 nomine,
932 3204 1013 3269 edita
1036 3206 1139 3279 fuerat.
1164 3205 1283 3270 Etenim
1316 3207 1341 3269 si

362 3345 430 3430 quis
464 3364 546 3409 nunc
580 3342 655 3409 duas
689 3341 741 3407 has
776 3328 1022 3408 commemoratas
1058 3366 1127 3409 oum
1161 3350 1232 3408 nota
1268 3351 1341 3406 κατ’

362 3484 553 3566 Ἀμμώνιον
590 3481 651 3547 vita
686 3480 867 3557 contulerit,
901 3481 1002 3546 statim
1040 3480 1152 3546 videbit
1186 3504 1235 3545 eas
1276 3504 1340 3546 esse

362 3646 450 3690 unam
474 3621 656 3707 eandemque
685 3621 972 3686 Pseudo-Ammonii
1004 3621 1106 3686 vitam.
1132 3621 1183 3685 Sie
1208 3622 1286 3685 enim
1311 3646 1343 3687 se

363 3762 451 3827 habet
474 3784 528 3825 res.
553 3760 614 3833 Qui
639 3759 813 3825 Aristotelis
836 3782 957 3847 operum
982 3760 1101 3825 codices
1123 3762 1213 3825 vitam
1238 3760 1342 3826 Philo-

363 3900 448 3989 sophi
472 3902 619 3975 refernnt,
653 3897 757 3965 horum
782 3899 833 3965 alii
865 3899 947 3985 iique
976 3902 1087 3965 vetusti
1111 3922 1176 3964 eam
1200 3898 1342 3965 exhibent

363 4040 427 4105 sine
445 4039 508 4105 ullo
528 4038 664 4114 nomine,
684 4038 734 4103 alii
755 4038 877 4104 eandem
898 4039 1019 4103 nomine
1040 4046 1112 4101 κατ’
1134 4039 1339 4120 Ἀμμώνιον,

363 4177 413 4242 alii
446 4183 476 4242 et
506 4178 615 4243 iterum
639 4176 778 4252 eandem,
802 4177 873 4242 lieet
897 4200 1022 4242 numero
1045 4178 1171 4241 fortasse
1194 4176 1274 4240 houd
1298 4178 1341 4242 ita

395 4476 417 4540 ¹)
435 4475 495 4525 Vide
512 4489 584 4540 supro
602 4477 653 4524 not.
673 4478 695 4525 l.
713 4490 768 4540 pag.
791 4474 864 4523 VIII.
