3592 5400
301 500 305 507 ’
377 492 418 555 22
593 511 689 552 csrur
703 512 735 551 11.
760 511 801 551 os
816 508 972 550 araaoruu
987 508 1097 550 roura.
1114 507 1270 550 Teneone.

377 667 448 743 quin
463 665 637 742 discipulum
652 664 784 721 laudaret
798 662 1070 737 commendaretque
1084 663 1144 732 illi,
1160 669 1213 720 aut
1226 670 1370 732 moveret,
1387 669 1418 719 ut
1433 662 1497 737 ipse

377 797 431 837 sua
445 777 542 835 studia
556 782 678 852 augusto
693 775 896 851 philosophiae
908 781 1030 849 patrono
1042 775 1189 849 probaret.
1212 774 1299 847 Quod
1311 773 1354 830 ita
1364 773 1498 848 Porphy-

378 889 438 946 rius
453 887 536 957 fecit,
559 893 591 944 ut
605 887 765 944 Homerum
779 905 854 961 pone
870 893 1056 960 sequeretur:
1080 886 1267 959 nequeenim
1287 885 1447 959 quidquam
1460 884 1498 941 ad

377 1000 457 1056 illam
470 1017 523 1071 nos
535 996 667 1074 perducit
677 997 962 1073 interpretationem,
980 1015 1056 1071 quae
1067 1003 1172 1073 poetae
1184 995 1360 1053 sententiam
1376 995 1413 1052 ad
1426 995 1498 1052 alie-

377 1081 433 1167 nae
452 1109 656 1186 philosophiae
677 1110 807 1166 normam
828 1114 1011 1166 transmutet.
1045 1108 1169 1165 Romam
1190 1106 1370 1184 Porphyrius
1390 1125 1416 1164 a.
1437 1107 1498 1164 262

377 1220 525 1297 pervenit3
545 1239 571 1278 a.
586 1220 645 1277 265
662 1226 705 1276 tot
720 1225 813 1277 toturn
828 1237 880 1294 per
895 1220 994 1275 orbem
1009 1218 1169 1276 seditiones
1191 1217 1257 1275 aliis
1272 1217 1498 1293 imperatoribus

379 1331 454 1389 alias
476 1330 651 1388 renuntiatis
672 1336 789 1399 exortae
810 1335 892 1399 sunt,
913 1337 945 1385 ut
963 1328 1068 1386 mirum
1088 1336 1181 1398 esset,
1204 1328 1230 1385 si
1246 1327 1401 1386 Gallienus
1424 1328 1498 1386 satis

378 1441 430 1499 otii
446 1447 525 1499 esset
540 1447 659 1510 nactus,
680 1447 712 1497 ut
731 1439 825 1515 portis
846 1439 1087 1515 philosophisque
1106 1457 1210 1496 vacare
1228 1445 1371 1515 pergeret.
1394 1438 1500 1512 Itaque

378 1559 447 1609 ante
472 1570 500 1608 a.
519 1551 579 1609 265
600 1558 650 1607 aut
669 1551 734 1626 ipso
755 1570 781 1608 a.
797 1550 856 1608 262
878 1555 929 1606 aut
948 1550 1104 1625 paulopost
1123 1548 1204 1605 illam
1224 1547 1499 1606 commentationem

380 1661 541 1718 confectam
557 1679 621 1718 esse
636 1661 770 1719 arbitror.

339 1811 342 1814 ·
443 1769 570 1828 Omnino
586 1778 682 1828 autern
699 1771 854 1828 tenendum
871 1776 931 1840 est,
948 1770 1024 1844 quod
1040 1750 1187 1827 subtiliter
1198 1769 1431 1830 Gildersleevius
1447 1769 1497 1825 ob-

380 1881 514 1940 servavit.
538 1881 596 1955 Qui
609 1902 636 1958 p.
648 1884 680 1940 8:
701 1899 814 1956 „neque
826 1899 949 1956 usquam
955 1876 984 1950 ,“
1003 1880 1112 1954 inquit,
1133 1900 1198 1956 „ap
1212 1876 1341 1956 Porph.“
1360 1873 1403 1957 (in
1417 1881 1501 1938 scho-

378 1993 428 2050 liis
443 1984 576 2070 Homeri)
595 1992 800 2070 „allegoricum
815 2010 908 2069 genus
924 2009 989 2048 cum
1004 1991 1098 2049 ethico
1114 1998 1164 2048 aut
1179 1991 1306 2048 ethicum
1321 2009 1387 2048 cum
1404 2009 1501 2067 gram-

379 2103 485 2160 matico
501 2102 686 2160 commixtum
701 2099 860 2177 reperies.“
886 2100 984 2161 Semel
1000 2109 1112 2159 tantum
1128 2121 1185 2159 uno
1202 2102 1359 2176 eodemque
1378 2102 1411 2159 in
1425 2101 1502 2158 libro

380 2220 409 2271 et
423 2213 604 2291 grammatici
620 2219 649 2269 et
663 2212 829 2290 philosophi
844 2213 1086 2287 interpretatione
1101 2231 1171 2270 usus
1187 2219 1246 2283 est,
1264 2212 1315 2270 sed
1330 2212 1371 2271 ibi
1387 2230 1502 2287 quoque

379 2330 531 2397 utramque
547 2323 693 2398 separavit
708 2341 837 2397 prorsus¹
866 2323 1013 2379 Libellum
1034 2323 1070 2380 de
1086 2321 1198 2400 Styge*
1213 2322 1291 2392 dico,
1315 2322 1397 2379 cuius
1418 2328 1502 2397 parte

380 2433 477 2510 priore
487 2433 608 2490 Homeri
623 2435 712 2491 verba
728 2440 756 2489 et
776 2433 890 2491 fabulas
911 2434 1070 2509 componit,
1091 2433 1252 2510 posteriore
1271 2432 1502 2508 philosophicam

381 2551 532 2619 extorquet
543 2544 728 2603 sententiam.
751 2544 796 2601 Ibi
813 2537 870 2623 (ap.
885 2542 968 2603 Stob.
982 2545 1010 2601 2.
1027 2546 1053 2601 1.
1069 2537 1119 2620 18)
1135 2545 1191 2602 ait:
1207 2535 1326 2611 Πάντες
1340 2541 1367 2598 oi
1377 2539 1503 2599 παλαιοὶ

380 2673 409 2713 π.
424 2657 485 2713 τῶν
502 2646 576 2712 θεῶν
591 2649 642 2711 καὶ
658 2638 806 2737 δαιμόνων
823 2638 859 2711 δι’
871 2646 1055 2738 αἰνιγμάτων
1071 2647 1229 2737 ἐσήμηναν,
1249 2620 1388 2737 Ὅμηρος
1404 2637 1437 2711 δὲ
1452 2649 1503 2710 καὶ

382 2764 497 2849 μᾶλλον
511 2760 552 2822 ταὶ
566 2761 632 2847 περὶ
647 2758 764 2822 τούτων
780 2755 946 2847 ἀπέκρυψε,
961 2769 1005 2841 τῷ
1022 2760 1063 2848 μὴ
1077 2759 1308 2848 προηγουμένως
1321 2760 1388 2847 περὶ
1403 2762 1502 2822 αὐτῶν

315 2922 322 2935 .
382 2859 588 2958 διαλέγεσθαι,
604 2867 812 2957 καταχρῆσθαι
829 2860 862 2932 δὲ
876 2880 941 2943 τοῖς
955 2868 1127 2958 λεγομένοις
1143 2876 1182 2945 εἰς
1194 2868 1381 2957 παράστασιν
1393 2867 1501 2932 ἄλλων.

380 2985 475 3045 Paulo
500 2992 568 3042 ante
593 2985 629 3042 de
655 2985 823 3043 condicione
846 2986 1012 3043 animarum
1037 2994 1105 3061 post
1131 2994 1252 3044 mortem
1281 2988 1407 3062 primum
1433 2963 1502 3062 quid

381 3094 528 3153 Homerus
540 3095 658 3165 dixerit,
671 3102 732 3153 turn
743 3096 812 3169 quid
825 3096 951 3154 senserit
962 3097 1090 3172 exponit.
1103 3099 1126 3155 Ι.
1141 3098 1190 3154 52.
1204 3098 1243 3155 49
1258 3090 1297 3173 (p.
1311 3088 1501 3174 1028Heer.)

382 3206 523 3265 Titanum
534 3225 638 3263 nomen
650 3200 750 3264 astoer
761 3206 849 3277 ducit,
863 3208 903 3265 46
913 3227 941 3283 p.
952 3208 1209 3282 1004Apollodori
1217 3208 1253 3263 de
1261 3206 1502 3265 diislibrumXX

382 3335 507 3391 sequens
528 3316 646 3375 nomina
665 3317 823 3397 fluviorum,
835 3316 995 3375 inferorum
1015 3317 1141 3393 explicat
1162 3325 1190 3373 et
1205 3317 1365 3377 Acheronti
1379 3318 1423 3375 ait
1436 3336 1501 3376 esse

382 3428 575 3487 masculinum
589 3447 696 3505 genus,
713 3428 782 3503 quia
797 3428 907 3487 sterilis
923 3428 972 3486 sit.

435 3540 531 3597 Antea
542 3557 574 3597 se
585 3539 706 3597 Homeri
718 3539 846 3598 carmina
857 3538 985 3597 nondum
997 3538 1039 3595 ita
1050 3539 1273 3613 interpretatum
1286 3556 1352 3596 esse
1363 3540 1386 3596 1.
1401 3539 1451 3599 52..
1461 3538 1500 3596 49

382 3669 411 3725 p.
428 3650 507 3709 1038
523 3649 703 3724 Porphyrius
720 3650 874 3726 significat.
901 3651 1061 3724 Postquam
1078 3649 1156 3706 enim
1171 3648 1353 3724 explanavit,
1369 3668 1421 3705 cur
1437 3666 1501 3706 sau·

381 3759 470 3836 guine
481 3760 598 3816 umbrae
610 3765 736 3816 mentem
748 3766 963 3836 recuperarent,
976 3746 1068 3816 et‘cur
1078 3758 1232 3816 mulierum
1243 3759 1363 3817 umbrae
1374 3758 1412 3815 ad
1420 3776 1502 3816 sacra

383 3869 420 3925 ab
431 3868 542 3944 Ulysse
553 3868 631 3925 facta
642 3869 754 3944 priores
770 3870 956 3939 accederent,
972 3870 1081 3945 pergit:
1097 3850 1158 3924 Ὧν
1173 3860 1295 3927 πάντων
1306 3866 1422 3936 πολλῆς
1438 3859 1501 3925 θεο-

451 4113 463 4141 *
481 4113 511 4165 In
530 4112 637 4165 Stobaei
654 4114 736 4183 eclog.
749 4114 825 4183 phys.
839 4115 890 4183 (ed.
903 4115 1012 4167 Heeren.
1027 4115 1145 4183 Gottiug.
1159 4130 1183 4166 a.
1198 4113 1364 4165 mua-1301
1384 4120 1411 4165 at
1429 4113 1501 4166 Gais-

382 4197 448 4251 lord.
467 4197 552 4251 Oxou.
569 4197 642 4255 1850)
660 4198 743 4250 libril
760 4214 817 4268 cap.
827 4199 851 4250 4.
861 4198 908 4262 56;
925 4199 967 4253 52.
981 4200 1081 4251 46-19
1099 4204 1124 4251 et
1140 4199 1173 4251 54
1185 4215 1225 4267 sq.
1247 4198 1279 4252 Η.
1296 4200 1318 4252 l.
1334 4198 1374 4250 18.
1389 4200 1501 4260 Heoren;

382 4282 459 4337 floril.
476 4282 531 4336 100.
544 4282 590 4345 213
605 4281 661 4335 105.
673 4282 715 4336 57.
731 4282 813 4351 Gaisf.
837 4283 939 4335 Priores
953 4283 1078 4354 editiones
1091 4289 1121 4335 ut
1131 4299 1223 4352 parum
1237 4284 1389 4335 emendatas
1403 4284 1501 4336 omitto.

382 4367 513 4420 Prohab'ili
526 4367 675 4419 coniectura
686 4366 716 4418 R.
729 4366 847 4419 Schmidt
858 4367 889 4418 de
901 4367 969 4420 Plut.
982 4368 1028 4421 vit.
1037 4369 1113 4420 Hom.
1125 4385 1150 4436 p.
1164 4367 1193 4419 18
1205 4368 1286 4420 etiam
1298 4368 1329 4419 do
1342 4368 1502 4420 somniorum

384 4468 425 4521 ap.
437 4452 514 4505 Hom.
528 4452 609 4521 portis
628 4451 829 4520 explicationem
845 4450 1065 4521 philosophicam,
1084 4469 1100 4505 a
1116 4453 1249 4507 Macrobio
1268 4444 1358 4507 somn·
1373 4452 1443 4521 Scip.
1455 4451 1501 4503 1.3

384 4553 418 4589 ex
434 4535 527 4606 Porph.
546 4536 740 4589 commentariis
757 4536 876 4601 allatam,
894 4535 945 4590 huc
963 4535 1049 4589 trahit.
