<?xml version="1.0" encoding="UTF-8"?>
<!DOCTYPE html PUBLIC "-//W3C//DTD XHTML 1.0 Transitional//EN"
    "http://www.w3.org/TR/xhtml1/DTD/xhtml1-transitional.dtd">
<html xmlns="http://www.w3.org/1999/xhtml" xml:lang="en" lang="en">
 <head>
  <title>
</title>
<meta http-equiv="Content-Type" content="text/html;charset=utf-8" />
  <meta name='ocr-system' content='tesseract 3.04.00' />
  <meta name='ocr-capabilities' content='ocr_page ocr_carea ocr_par ocr_line ocrx_word'/>
</head>
<body>
  <div class='ocr_page' id='page_1' title='image "./pamphletsonaris00porpgoog_0319.png"; bbox 0 0 3592 5400; ppageno 0'>
   <div class='ocr_carea' id='block_1_1' title="bbox 736 498 1380 593">
    <p class='ocr_par' dir='ltr' id='par_1_1' title="bbox 736 498 1380 593">
     <span class='ocr_line' id='line_1_1' title="bbox 736 498 1380 593; baseline 0.003 -3"><span class='ocrx_word' id='word_1_1' title='bbox 736 550 778 591; x_wconf 72' lang='grc' dir='ltr'>οε</span> <span class='ocrx_word' id='word_1_2' title='bbox 800 549 909 592; x_wconf 77' lang='lat' dir='ltr'>naono,</span> <span class='ocrx_word' id='word_1_3' title='bbox 1318 498 1380 593; x_wconf 69' lang='grc' dir='ltr'>Ι905</span> 
     </span>
    </p>
   </div>
   <div class='ocr_carea' id='block_1_2' title="bbox 259 703 1382 2768">
    <p class='ocr_par' dir='ltr' id='par_1_2' title="bbox 259 703 1382 1441">
     <span class='ocr_line' id='line_1_2' title="bbox 259 703 1378 780; baseline -0.001 -15"><span class='ocrx_word' id='word_1_4' title='bbox 259 707 343 765; x_wconf 88' lang='lat' dir='ltr'>illius</span> <span class='ocrx_word' id='word_1_5' title='bbox 358 722 429 763; x_wconf 90' lang='lat' dir='ltr'>nsns</span> <span class='ocrx_word' id='word_1_6' title='bbox 444 723 480 761; x_wconf 87' lang='lat' dir='ltr'>ex</span> <span class='ocrx_word' id='word_1_7' title='bbox 495 703 589 761; x_wconf 89' lang='lat' dir='ltr'>calida</span> <span class='ocrx_word' id='word_1_8' title='bbox 603 704 716 761; x_wconf 87' lang='lat' dir='ltr'>arboris</span> <span class='ocrx_word' id='word_1_9' title='bbox 732 714 834 761; x_wconf 86' lang='lat' dir='ltr'>natura</span> <span class='ocrx_word' id='word_1_10' title='bbox 850 712 994 780; x_wconf 85' lang='lat' dir='ltr'>repetunt.</span> <span class='ocrx_word' id='word_1_11' title='bbox 1018 704 1165 779; x_wconf 83' lang='lat' dir='ltr'>Tlrropln.</span> <span class='ocrx_word' id='word_1_12' title='bbox 1178 705 1214 761; x_wconf 92' lang='lat' dir='ltr'>de</span> <span class='ocrx_word' id='word_1_13' title='bbox 1229 705 1337 780; x_wconf 87' lang='lat' dir='ltr'>plantis</span> <span class='ocrx_word' id='word_1_14' title='bbox 1351 707 1378 764; x_wconf 85' lang='lat'>5.</span> 
     </span>
     <span class='ocr_line' id='line_1_3' title="bbox 261 797 1381 895; baseline -0.004 -20"><span class='ocrx_word' id='word_1_15' title='bbox 261 820 290 875; x_wconf 89' lang='lat'>3.</span> <span class='ocrx_word' id='word_1_16' title='bbox 308 819 327 874; x_wconf 80' lang='lat'><strong>4</strong></span> <span class='ocrx_word' id='word_1_17' title='bbox 344 810 402 892; x_wconf 84' lang='lat' dir='ltr'>(ed.</span> <span class='ocrx_word' id='word_1_18' title='bbox 415 807 584 890; x_wconf 73' lang='lat' dir='ltr'>ll&#39;immerlz</span> <span class='ocrx_word' id='word_1_19' title='bbox 601 806 708 895; x_wconf 72' lang='grc' dir='ltr'>θερμὸν</span> <span class='ocrx_word' id='word_1_20' title='bbox 724 797 823 871; x_wconf 81' lang='grc' dir='ltr'>δὲκαὶ</span> <span class='ocrx_word' id='word_1_21' title='bbox 839 858 864 869; x_wconf 92' lang='grc'>..</span> <span class='ocrx_word' id='word_1_22' title='bbox 881 797 978 895; x_wconf 78' lang='grc' dir='ltr'>δάφννΙ</span> <span class='ocrx_word' id='word_1_23' title='bbox 995 810 1045 869; x_wconf 85' lang='grc' dir='ltr'>καὶ</span> <span class='ocrx_word' id='word_1_24' title='bbox 1061 810 1151 882; x_wconf 77' lang='grc' dir='ltr'>ὅλως,</span> <span class='ocrx_word' id='word_1_25' title='bbox 1169 799 1200 880; x_wconf 74' lang='grc' dir='ltr'>ἐξ</span> <span class='ocrx_word' id='word_1_26' title='bbox 1216 802 1257 870; x_wconf 83' lang='grc' dir='ltr'>ὧν</span> <span class='ocrx_word' id='word_1_27' title='bbox 1271 809 1312 871; x_wconf 82' lang='grc' dir='ltr'>τά</span> <span class='ocrx_word' id='word_1_28' title='bbox 1325 833 1381 871; x_wconf 73' lang='lat' dir='ltr'>m-</span> 
     </span>
     <span class='ocr_line' id='line_1_4' title="bbox 261 921 1382 1009; baseline -0.001 -26"><span class='ocrx_word' id='word_1_29' title='bbox 261 931 325 1009; x_wconf 84' lang='grc' dir='ltr'>ρεῖα</span> <span class='ocrx_word' id='word_1_30' title='bbox 340 921 466 1008; x_wconf 83' lang='grc' dir='ltr'>γίνεται.</span> <span class='ocrx_word' id='word_1_31' title='bbox 489 925 566 982; x_wconf 88' lang='lat' dir='ltr'>Plin.</span> <span class='ocrx_word' id='word_1_32' title='bbox 581 925 631 992; x_wconf 71' lang='lat'>23,</span> <span class='ocrx_word' id='word_1_33' title='bbox 645 925 674 993; x_wconf 88' lang='grc'><strong>8,</strong></span> <span class='ocrx_word' id='word_1_34' title='bbox 687 926 742 981; x_wconf 81' lang='lat'>80:</span> <span class='ocrx_word' id='word_1_35' title='bbox 763 924 877 983; x_wconf 88' lang='lat' dir='ltr'>Lcnrns</span> <span class='ocrx_word' id='word_1_36' title='bbox 892 924 1124 983; x_wconf 74' lang='lat' dir='ltr'>excalfactoriam</span> <span class='ocrx_word' id='word_1_37' title='bbox 1144 932 1277 981; x_wconf 86' lang='lat' dir='ltr'>naturam</span> <span class='ocrx_word' id='word_1_38' title='bbox 1293 926 1382 982; x_wconf 88' lang='lat' dir='ltr'>babet</span> 
     </span>
     <span class='ocr_line' id='line_1_5' title="bbox 261 1028 1382 1110; baseline 0 -18"><span class='ocrx_word' id='word_1_39' title='bbox 261 1046 291 1094; x_wconf 88' lang='lat' dir='ltr'>et</span> <span class='ocrx_word' id='word_1_40' title='bbox 305 1036 386 1094; x_wconf 83' lang='lat' dir='ltr'>toliis</span> <span class='ocrx_word' id='word_1_41' title='bbox 402 1044 432 1092; x_wconf 88' lang='lat' dir='ltr'>et</span> <span class='ocrx_word' id='word_1_42' title='bbox 446 1034 552 1093; x_wconf 88' lang='lat' dir='ltr'>cortice</span> <span class='ocrx_word' id='word_1_43' title='bbox 568 1045 597 1091; x_wconf 83' lang='lat' dir='ltr'>et</span> <span class='ocrx_word' id='word_1_44' title='bbox 613 1035 718 1092; x_wconf 81' lang='lat' dir='ltr'>baccis.</span> <span class='ocrx_word' id='word_1_45' title='bbox 748 1034 878 1110; x_wconf 90' lang='lat' dir='ltr'>Geopon.</span> <span class='ocrx_word' id='word_1_46' title='bbox 899 1038 952 1108; x_wconf 93' lang='grc'><strong>11,</strong></span> <span class='ocrx_word' id='word_1_47' title='bbox 969 1036 1002 1093; x_wconf 77' lang='lat'>2:</span> <span class='ocrx_word' id='word_1_48' title='bbox 1024 1031 1074 1091; x_wconf 85' lang='grc' dir='ltr'>καὶ</span> <span class='ocrx_word' id='word_1_49' title='bbox 1088 1028 1201 1098; x_wconf 75' lang='grc' dir='ltr'>ταύτην</span> <span class='ocrx_word' id='word_1_50' title='bbox 1217 1034 1244 1092; x_wconf 90' lang='grc' dir='ltr'>οἱ</span> <span class='ocrx_word' id='word_1_51' title='bbox 1258 1031 1382 1092; x_wconf 85' lang='grc' dir='ltr'>παλαιοὶ</span> 
     </span>
     <span class='ocr_line' id='line_1_6' title="bbox 261 1136 1381 1226; baseline -0.002 -23"><span class='ocrx_word' id='word_1_52' title='bbox 261 1151 306 1221; x_wconf 80' lang='grc' dir='ltr'>τῷ</span> <span class='ocrx_word' id='word_1_53' title='bbox 320 1139 483 1203; x_wconf 74' lang='grc' dir='ltr'>Ἀπόλλωνι</span> <span class='ocrx_word' id='word_1_54' title='bbox 497 1136 691 1226; x_wconf 73' lang='grc' dir='ltr'>καθιεροῦσιν,</span> <span class='ocrx_word' id='word_1_55' title='bbox 707 1138 753 1200; x_wconf 77' lang='grc' dir='ltr'>ὅτι</span> <span class='ocrx_word' id='word_1_56' title='bbox 768 1139 856 1225; x_wconf 70' lang='grc' dir='ltr'>σωρὸς</span> <span class='ocrx_word' id='word_1_57' title='bbox 870 1142 980 1226; x_wconf 75' lang='grc' dir='ltr'>πλῆρες</span> <span class='ocrx_word' id='word_1_58' title='bbox 993 1139 1030 1201; x_wconf 79' lang='grc' dir='ltr'>τὰ</span> <span class='ocrx_word' id='word_1_59' title='bbox 1046 1139 1147 1226; x_wconf 73' lang='grc' dir='ltr'>φυτόν,</span> <span class='ocrx_word' id='word_1_60' title='bbox 1163 1141 1214 1202; x_wconf 82' lang='grc' dir='ltr'>καὶ</span> <span class='ocrx_word' id='word_1_61' title='bbox 1229 1137 1381 1203; x_wconf 79' lang='grc' dir='ltr'>Ἁπόλλων</span> 
     </span>
     <span class='ocr_line' id='line_1_7' title="bbox 261 1239 1381 1338; baseline 0.001 -25"><span class='ocrx_word' id='word_1_62' title='bbox 261 1260 326 1338; x_wconf 61' lang='grc' dir='ltr'>πῦρ.</span> <span class='ocrx_word' id='word_1_63' title='bbox 351 1253 367 1312; x_wconf 85' lang='grc' dir='ltr'><strong>ὀ</strong></span> <span class='ocrx_word' id='word_1_64' title='bbox 381 1250 465 1322; x_wconf 75' lang='grc' dir='ltr'>ἥλιος</span> <span class='ocrx_word' id='word_1_65' title='bbox 479 1248 536 1338; x_wconf 74' lang='grc' dir='ltr'>γάρ</span> <span class='ocrx_word' id='word_1_66' title='bbox 553 1251 639 1312; x_wconf 83' lang='grc' dir='ltr'>ἐστιν.</span> <span class='ocrx_word' id='word_1_67' title='bbox 662 1246 729 1311; x_wconf 77' lang='grc' dir='ltr'>ὅθεν</span> <span class='ocrx_word' id='word_1_68' title='bbox 746 1251 797 1310; x_wconf 81' lang='grc' dir='ltr'>καὶ</span> <span class='ocrx_word' id='word_1_69' title='bbox 812 1247 1014 1336; x_wconf 71' lang='grc' dir='ltr'>ἀπεχθάνεται</span> <span class='ocrx_word' id='word_1_70' title='bbox 1034 1239 1160 1336; x_wconf 76' lang='grc' dir='ltr'>δαίμοσι</span> <span class='ocrx_word' id='word_1_71' title='bbox 1187 1259 1226 1314; x_wconf 81' lang='lat' dir='ltr'>At</span> <span class='ocrx_word' id='word_1_72' title='bbox 1241 1256 1381 1332; x_wconf 87' lang='lat' dir='ltr'>posterio-</span> 
     </span>
     <span class='ocr_line' id='line_1_8' title="bbox 263 1365 714 1441; baseline -0.004 -17"><span class='ocrx_word' id='word_1_73' title='bbox 263 1387 326 1424; x_wconf 89' lang='lat' dir='ltr'>rum</span> <span class='ocrx_word' id='word_1_74' title='bbox 341 1366 398 1422; x_wconf 88' lang='lat' dir='ltr'>hoc</span> <span class='ocrx_word' id='word_1_75' title='bbox 411 1365 466 1422; x_wconf 87' lang='lat' dir='ltr'>fuit</span> <span class='ocrx_word' id='word_1_76' title='bbox 481 1367 714 1441; x_wconf 78' lang='lat' dir='ltr'><strong>theosophorum.</strong></span> 
     </span>
    </p>

    <p class='ocr_par' dir='ltr' id='par_1_3' title="bbox 264 1475 1382 2768">
     <span class='ocr_line' id='line_1_9' title="bbox 325 1475 1379 1551; baseline 0.002 -17"><span class='ocrx_word' id='word_1_77' title='bbox 325 1477 362 1534; x_wconf 95' lang='lat' dir='ltr'>In</span> <span class='ocrx_word' id='word_1_78' title='bbox 377 1475 500 1533; x_wconf 82' lang='lat' dir='ltr'><strong>fulmina</strong></span> <span class='ocrx_word' id='word_1_79' title='bbox 515 1493 628 1551; x_wconf 88' lang='lat' dir='ltr'>quoquc</span> <span class='ocrx_word' id='word_1_80' title='bbox 639 1476 736 1532; x_wconf 81' lang='lat' dir='ltr'>valere</span> <span class='ocrx_word' id='word_1_81' title='bbox 752 1476 849 1534; x_wconf 90' lang='lat' dir='ltr'>laurus</span> <span class='ocrx_word' id='word_1_82' title='bbox 862 1477 1042 1534; x_wconf 81' lang='lat' dir='ltr'>credebatur.</span> <span class='ocrx_word' id='word_1_83' title='bbox 1065 1477 1143 1536; x_wconf 89' lang='lat' dir='ltr'>l’lin.</span> <span class='ocrx_word' id='word_1_84' title='bbox 1154 1496 1182 1535; x_wconf 92' lang='lat' dir='ltr'>n.</span> <span class='ocrx_word' id='word_1_85' title='bbox 1192 1478 1220 1534; x_wconf 87' lang='lat' dir='ltr'>lr.</span> <span class='ocrx_word' id='word_1_86' title='bbox 1231 1477 1259 1547; x_wconf 72' lang='lat'>2,</span> <span class='ocrx_word' id='word_1_87' title='bbox 1268 1478 1317 1547; x_wconf 89' lang='grc'><strong>55,</strong></span> <span class='ocrx_word' id='word_1_88' title='bbox 1326 1478 1379 1536; x_wconf 79' lang='grc' dir='ltr'>56ι</span> 
     </span>
     <span class='ocr_line' id='line_1_10' title="bbox 266 1580 1380 1665; baseline 0.002 -21"><span class='ocrx_word' id='word_1_89' title='bbox 266 1589 331 1660; x_wconf 81' lang='lat' dir='ltr'>„Ex</span> <span class='ocrx_word' id='word_1_90' title='bbox 344 1586 398 1655; x_wconf 91' lang='lat' dir='ltr'>iis,</span> <span class='ocrx_word' id='word_1_91' title='bbox 415 1603 489 1660; x_wconf 89' lang='lat' dir='ltr'>quae</span> <span class='ocrx_word' id='word_1_92' title='bbox 504 1593 583 1643; x_wconf 88' lang='lat' dir='ltr'>terra</span> <span class='ocrx_word' id='word_1_93' title='bbox 595 1587 761 1663; x_wconf 82' lang='lat' dir='ltr'>gignuntur,</span> <span class='ocrx_word' id='word_1_94' title='bbox 776 1587 850 1643; x_wconf 91' lang='lat' dir='ltr'>lauri</span> <span class='ocrx_word' id='word_1_95' title='bbox 865 1586 997 1644; x_wconf 85' lang='lat' dir='ltr'>fruticem</span> <span class='ocrx_word' id='word_1_96' title='bbox 1014 1580 1145 1665; x_wconf 79' lang='lat' dir='ltr'>(fulmen)</span> <span class='ocrx_word' id='word_1_97' title='bbox 1162 1608 1219 1646; x_wconf 93' lang='lat' dir='ltr'>non</span> <span class='ocrx_word' id='word_1_98' title='bbox 1235 1585 1315 1645; x_wconf 79' lang='lat' dir='ltr'>icit.“</span> <span class='ocrx_word' id='word_1_99' title='bbox 1333 1589 1380 1658; x_wconf 98' lang='grc'><strong>15,</strong></span> 
     </span>
     <span class='ocr_line' id='line_1_11' title="bbox 266 1697 1380 1772; baseline 0.001 -17"><span class='ocrx_word' id='word_1_100' title='bbox 266 1699 319 1768; x_wconf 88' lang='grc'><strong>30,</strong></span> <span class='ocrx_word' id='word_1_101' title='bbox 338 1698 394 1754; x_wconf 78' lang='lat'>39:</span> <span class='ocrx_word' id='word_1_102' title='bbox 412 1715 522 1769; x_wconf 84' lang='lat' dir='ltr'>„manu</span> <span class='ocrx_word' id='word_1_103' title='bbox 540 1704 669 1754; x_wconf 87' lang='lat' dir='ltr'>satarum</span> <span class='ocrx_word' id='word_1_104' title='bbox 684 1705 922 1772; x_wconf 80' lang='lat' dir='ltr'>receptarumque</span> <span class='ocrx_word' id='word_1_105' title='bbox 942 1697 972 1753; x_wconf 90' lang='lat' dir='ltr'>in</span> <span class='ocrx_word' id='word_1_106' title='bbox 988 1699 1088 1756; x_wconf 91' lang='lat' dir='ltr'>domos</span> <span class='ocrx_word' id='word_1_107' title='bbox 1100 1699 1221 1756; x_wconf 85' lang='lat' dir='ltr'>fulmine</span> <span class='ocrx_word' id='word_1_108' title='bbox 1241 1699 1304 1756; x_wconf 89' lang='lat' dir='ltr'>sola</span> <span class='ocrx_word' id='word_1_109' title='bbox 1324 1719 1380 1756; x_wconf 89' lang='lat' dir='ltr'>non</span> 
     </span>
     <span class='ocr_line' id='line_1_12' title="bbox 264 1795 1382 1883; baseline 0.003 -20"><span class='ocrx_word' id='word_1_110' title='bbox 264 1803 379 1865; x_wconf 85' lang='lat' dir='ltr'>icitur.“</span> <span class='ocrx_word' id='word_1_111' title='bbox 405 1804 547 1865; x_wconf 87' lang='lat' dir='ltr'>Similiter</span> <span class='ocrx_word' id='word_1_112' title='bbox 557 1795 713 1864; x_wconf 86' lang='lat' dir='ltr'>Zoroaster</span> <span class='ocrx_word' id='word_1_113' title='bbox 726 1807 757 1863; x_wconf 90' lang='lat' dir='ltr'>in</span> <span class='ocrx_word' id='word_1_114' title='bbox 772 1805 903 1883; x_wconf 87' lang='lat' dir='ltr'>Geopon.</span> <span class='ocrx_word' id='word_1_115' title='bbox 916 1808 943 1876; x_wconf 84' lang='grc'><strong>1,</strong></span> <span class='ocrx_word' id='word_1_116' title='bbox 956 1809 990 1865; x_wconf 94' lang='grc'>11</span> <span class='ocrx_word' id='word_1_117' title='bbox 1005 1815 1048 1877; x_wconf 85' lang='lat' dir='ltr'>et,</span> <span class='ocrx_word' id='word_1_118' title='bbox 1065 1808 1113 1882; x_wconf 93' lang='lat' dir='ltr'>qui</span> <span class='ocrx_word' id='word_1_119' title='bbox 1130 1811 1249 1866; x_wconf 89' lang='lat' dir='ltr'>eandem</span> <span class='ocrx_word' id='word_1_120' title='bbox 1265 1809 1312 1866; x_wconf 87' lang='lat' dir='ltr'>fici</span> <span class='ocrx_word' id='word_1_121' title='bbox 1324 1809 1382 1867; x_wconf 91' lang='lat' dir='ltr'>vim</span> 
     </span>
     <span class='ocr_line' id='line_1_13' title="bbox 266 1916 1382 1994; baseline 0.004 -21"><span class='ocrx_word' id='word_1_122' title='bbox 266 1937 330 1976; x_wconf 88' lang='lat' dir='ltr'>esse</span> <span class='ocrx_word' id='word_1_123' title='bbox 346 1917 461 1991; x_wconf 87' lang='lat' dir='ltr'>adiicit,</span> <span class='ocrx_word' id='word_1_124' title='bbox 476 1916 599 1975; x_wconf 89' lang='lat' dir='ltr'>Nonnns</span> <span class='ocrx_word' id='word_1_125' title='bbox 615 1918 705 1975; x_wconf 90' lang='lat' dir='ltr'>morb.</span> <span class='ocrx_word' id='word_1_126' title='bbox 716 1926 805 1974; x_wconf 90' lang='lat' dir='ltr'>curat.</span> <span class='ocrx_word' id='word_1_127' title='bbox 814 1935 877 1991; x_wconf 88' lang='lat' dir='ltr'>cap.</span> <span class='ocrx_word' id='word_1_128' title='bbox 889 1917 959 1975; x_wconf 73' lang='grc'><strong>259.</strong></span> <span class='ocrx_word' id='word_1_129' title='bbox 972 1937 1037 1994; x_wconf 84' lang='lat' dir='ltr'>pag.</span> <span class='ocrx_word' id='word_1_130' title='bbox 1049 1918 1119 1977; x_wconf 75' lang='lat'>294.</span> <span class='ocrx_word' id='word_1_131' title='bbox 1142 1919 1303 1994; x_wconf 86' lang='lat' dir='ltr'>Propterea</span> <span class='ocrx_word' id='word_1_132' title='bbox 1317 1939 1382 1977; x_wconf 91' lang='lat' dir='ltr'>cnm</span> 
     </span>
     <span class='ocr_line' id='line_1_14' title="bbox 265 2009 1382 2107; baseline 0.001 -23"><span class='ocrx_word' id='word_1_133' title='bbox 265 2028 330 2087; x_wconf 84' lang='lat' dir='ltr'>aliis</span> <span class='ocrx_word' id='word_1_134' title='bbox 344 2027 519 2103; x_wconf 86' lang='lat' dir='ltr'>quibusdam</span> <span class='ocrx_word' id='word_1_135' title='bbox 539 2029 624 2086; x_wconf 86' lang='lat' dir='ltr'>rebus</span> <span class='ocrx_word' id='word_1_136' title='bbox 640 2027 792 2084; x_wconf 89' lang='lat' dir='ltr'>coniuncta</span> <span class='ocrx_word' id='word_1_137' title='bbox 812 2009 924 2107; x_wconf 77' lang='grc' dir='ltr'>δάφνης</span> <span class='ocrx_word' id='word_1_138' title='bbox 939 2023 1051 2083; x_wconf 81' lang='grc' dir='ltr'>κλωνία</span> <span class='ocrx_word' id='word_1_139' title='bbox 1065 2032 1132 2096; x_wconf 84' lang='grc' dir='ltr'>ταῖς</span> <span class='ocrx_word' id='word_1_140' title='bbox 1149 2034 1292 2095; x_wconf 79' lang='grc' dir='ltr'>νεοττιαῒς</span> <span class='ocrx_word' id='word_1_141' title='bbox 1307 2027 1382 2087; x_wconf 78' lang='grc' dir='ltr'>ἐντι-</span> 
     </span>
     <span class='ocr_line' id='line_1_15' title="bbox 267 2120 1382 2220; baseline 0.004 -28"><span class='ocrx_word' id='word_1_142' title='bbox 267 2129 374 2195; x_wconf 75' lang='grc' dir='ltr'>θέασιν.</span> <span class='ocrx_word' id='word_1_143' title='bbox 404 2120 490 2194; x_wconf 81' lang='grc' dir='ltr'>δοκεῖ</span> <span class='ocrx_word' id='word_1_144' title='bbox 503 2131 559 2220; x_wconf 71' lang='grc' dir='ltr'>γάρ</span> <span class='ocrx_word' id='word_1_145' title='bbox 581 2122 822 2219; x_wconf 74' lang='grc' dir='ltr'>ἀλεξιφάρμακον</span> <span class='ocrx_word' id='word_1_146' title='bbox 837 2127 910 2193; x_wconf 83' lang='grc' dir='ltr'>εἶναι</span> <span class='ocrx_word' id='word_1_147' title='bbox 930 2132 1001 2218; x_wconf 76' lang='grc' dir='ltr'>πρὸς</span> <span class='ocrx_word' id='word_1_148' title='bbox 1019 2132 1074 2207; x_wconf 81' lang='grc' dir='ltr'>τάς</span> <span class='ocrx_word' id='word_1_149' title='bbox 1088 2131 1276 2218; x_wconf 74' lang='grc' dir='ltr'>Διοσημείας.</span> <span class='ocrx_word' id='word_1_150' title='bbox 1305 2138 1382 2198; x_wconf 89' lang='lat' dir='ltr'>Geo-</span> 
     </span>
     <span class='ocr_line' id='line_1_16' title="bbox 264 2245 1382 2325; baseline 0.001 -18"><span class='ocrx_word' id='word_1_151' title='bbox 264 2267 330 2323; x_wconf 81' lang='lat' dir='ltr'>pon,</span> <span class='ocrx_word' id='word_1_152' title='bbox 351 2249 404 2317; x_wconf 89' lang='grc'>14,</span> <span class='ocrx_word' id='word_1_153' title='bbox 424 2250 476 2318; x_wconf 89' lang='grc'><strong>11,</strong></span> <span class='ocrx_word' id='word_1_154' title='bbox 494 2248 511 2305; x_wconf 98' lang='grc'><strong>5</strong></span> <span class='ocrx_word' id='word_1_155' title='bbox 532 2267 568 2304; x_wconf 87' lang='lat' dir='ltr'>ex</span> <span class='ocrx_word' id='word_1_156' title='bbox 582 2247 743 2317; x_wconf 88' lang='lat' dir='ltr'>Leontino,</span> <span class='ocrx_word' id='word_1_157' title='bbox 764 2256 794 2305; x_wconf 84' lang='lat' dir='ltr'>et</span> <span class='ocrx_word' id='word_1_158' title='bbox 809 2245 970 2305; x_wconf 82' lang='lat' dir='ltr'>Columella</span> <span class='ocrx_word' id='word_1_159' title='bbox 987 2250 1015 2318; x_wconf 93' lang='grc'><strong>8,</strong></span> <span class='ocrx_word' id='word_1_160' title='bbox 1032 2249 1060 2317; x_wconf 92' lang='grc'><strong>5,</strong></span> <span class='ocrx_word' id='word_1_161' title='bbox 1081 2249 1127 2306; x_wconf 78' lang='lat'>12.</span> <span class='ocrx_word' id='word_1_162' title='bbox 1156 2248 1202 2307; x_wconf 89' lang='lat' dir='ltr'>Ne</span> <span class='ocrx_word' id='word_1_163' title='bbox 1217 2250 1303 2308; x_wconf 92' lang='lat' dir='ltr'>huius</span> <span class='ocrx_word' id='word_1_164' title='bbox 1318 2250 1382 2325; x_wconf 89' lang='lat' dir='ltr'>qui·</span> 
     </span>
     <span class='ocr_line' id='line_1_17' title="bbox 265 2342 1382 2442; baseline 0.004 -28"><span class='ocrx_word' id='word_1_165' title='bbox 265 2358 329 2416; x_wconf 90' lang='lat' dir='ltr'>dem</span> <span class='ocrx_word' id='word_1_166' title='bbox 350 2357 542 2434; x_wconf 81' lang='lat' dir='ltr'>superstionis</span> <span class='ocrx_word' id='word_1_167' title='bbox 562 2375 649 2415; x_wconf 89' lang='lat' dir='ltr'>causa</span> <span class='ocrx_word' id='word_1_168' title='bbox 669 2359 749 2415; x_wconf 86' lang='lat' dir='ltr'>latet.</span> <span class='ocrx_word' id='word_1_169' title='bbox 780 2350 843 2414; x_wconf 78' lang='grc' dir='ltr'>Καὶ</span> <span class='ocrx_word' id='word_1_170' title='bbox 862 2352 903 2414; x_wconf 88' lang='grc' dir='ltr'>τά</span> <span class='ocrx_word' id='word_1_171' title='bbox 923 2352 1022 2440; x_wconf 72' lang='grc' dir='ltr'>φύλλα</span> <span class='ocrx_word' id='word_1_172' title='bbox 1043 2342 1076 2415; x_wconf 88' lang='grc' dir='ltr'>δὲ</span> <span class='ocrx_word' id='word_1_173' title='bbox 1095 2353 1135 2416; x_wconf 84' lang='grc' dir='ltr'>τά</span> <span class='ocrx_word' id='word_1_174' title='bbox 1154 2363 1209 2427; x_wconf 72' lang='grc' dir='ltr'>τῆς</span> <span class='ocrx_word' id='word_1_175' title='bbox 1226 2343 1339 2442; x_wconf 72' lang='grc' dir='ltr'>δάφνης</span> <span class='ocrx_word' id='word_1_176' title='bbox 1353 2403 1382 2418; x_wconf 90' lang='grc'>..</span> 
     </span>
     <span class='ocr_line' id='line_1_18' title="bbox 265 2451 1380 2550; baseline 0.004 -26"><span class='ocrx_word' id='word_1_177' title='bbox 265 2451 349 2543; x_wconf 72' lang='grc' dir='ltr'>πηδᾷ</span> <span class='ocrx_word' id='word_1_178' title='bbox 365 2451 415 2524; x_wconf 80' lang='grc' dir='ltr'>διὰ</span> <span class='ocrx_word' id='word_1_179' title='bbox 429 2461 606 2531; x_wconf 64' lang='lat' dir='ltr'>actardi-oca</span> <span class='ocrx_word' id='word_1_180' title='bbox 620 2510 646 2523; x_wconf 90' lang='lat'>..</span> <span class='ocrx_word' id='word_1_181' title='bbox 663 2451 708 2523; x_wconf 81' lang='grc' dir='ltr'>διὰ</span> <span class='ocrx_word' id='word_1_182' title='bbox 725 2462 805 2524; x_wconf 85' lang='grc' dir='ltr'>καὶὸ</span> <span class='ocrx_word' id='word_1_183' title='bbox 822 2457 923 2550; x_wconf 68' lang='grc' dir='ltr'>ψόφος.</span> <span class='ocrx_word' id='word_1_184' title='bbox 947 2469 1142 2543; x_wconf 87' lang='lat' dir='ltr'>Theophrast.</span> <span class='ocrx_word' id='word_1_185' title='bbox 1159 2470 1195 2526; x_wconf 89' lang='lat' dir='ltr'>de</span> <span class='ocrx_word' id='word_1_186' title='bbox 1210 2470 1277 2546; x_wconf 84' lang='lat' dir='ltr'>igne</span> <span class='ocrx_word' id='word_1_187' title='bbox 1290 2472 1380 2528; x_wconf 85' lang='grc'><strong>68.-</strong></span> 
     </span>
     <span class='ocr_line' id='line_1_19' title="bbox 264 2577 1382 2656; baseline 0 -20"><span class='ocrx_word' id='word_1_188' title='bbox 264 2579 343 2636; x_wconf 86' lang='lat' dir='ltr'>Plin.</span> <span class='ocrx_word' id='word_1_189' title='bbox 363 2578 411 2648; x_wconf 90' lang='grc'><strong>15,</strong></span> <span class='ocrx_word' id='word_1_190' title='bbox 428 2579 478 2646; x_wconf 87' lang='lat'>30,</span> <span class='ocrx_word' id='word_1_191' title='bbox 494 2580 549 2636; x_wconf 76' lang='lat'>402</span> <span class='ocrx_word' id='word_1_192' title='bbox 573 2577 711 2650; x_wconf 85' lang='lat' dir='ltr'>„Laurus</span> <span class='ocrx_word' id='word_1_193' title='bbox 731 2577 846 2652; x_wconf 84' lang='lat' dir='ltr'>quidem</span> <span class='ocrx_word' id='word_1_194' title='bbox 867 2578 1021 2635; x_wconf 87' lang='lat' dir='ltr'>manifesto</span> <span class='ocrx_word' id='word_1_195' title='bbox 1043 2579 1160 2637; x_wconf 84' lang='lat' dir='ltr'>abdicat</span> <span class='ocrx_word' id='word_1_196' title='bbox 1173 2579 1255 2655; x_wconf 87' lang='lat' dir='ltr'>ignes</span> <span class='ocrx_word' id='word_1_197' title='bbox 1271 2580 1382 2656; x_wconf 82' lang='lat' dir='ltr'>crepitu</span> 
     </span>
     <span class='ocr_line' id='line_1_20' title="bbox 265 2688 1381 2768; baseline 0.003 -23"><span class='ocrx_word' id='word_1_198' title='bbox 265 2697 292 2745; x_wconf 87' lang='lat' dir='ltr'>et</span> <span class='ocrx_word' id='word_1_199' title='bbox 307 2688 434 2763; x_wconf 88' lang='lat' dir='ltr'>quadam</span> <span class='ocrx_word' id='word_1_200' title='bbox 448 2688 654 2758; x_wconf 86' lang='lat' dir='ltr'>detestatione,</span> <span class='ocrx_word' id='word_1_201' title='bbox 674 2688 888 2746; x_wconf 85' lang='lat' dir='ltr'>interaneorum</span> <span class='ocrx_word' id='word_1_202' title='bbox 904 2688 991 2746; x_wconf 86' lang='lat' dir='ltr'>etiam</span> <span class='ocrx_word' id='word_1_203' title='bbox 1007 2688 1077 2747; x_wconf 82' lang='lat' dir='ltr'>vitio</span> <span class='ocrx_word' id='word_1_204' title='bbox 1093 2696 1122 2746; x_wconf 89' lang='lat' dir='ltr'>et</span> <span class='ocrx_word' id='word_1_205' title='bbox 1137 2709 1287 2748; x_wconf 83' lang='lat' dir='ltr'>nervorum</span> <span class='ocrx_word' id='word_1_206' title='bbox 1302 2690 1381 2768; x_wconf 87' lang='lat' dir='ltr'>ligno</span> 
     </span>
    </p>
   </div>
   <div class='ocr_carea' id='block_1_3' title="bbox 266 2782 1382 2883">
    <p class='ocr_par' dir='ltr' id='par_1_4' title="bbox 266 2782 1382 2883">
     <span class='ocr_line' id='line_1_21' title="bbox 266 2782 1382 2883; baseline 0.002 -27"><span class='ocrx_word' id='word_1_207' title='bbox 266 2795 447 2876; x_wconf 81' lang='lat' dir='ltr'>torquente.“</span> <span class='ocrx_word' id='word_1_208' title='bbox 480 2798 567 2858; x_wconf 87' lang='lat' dir='ltr'>Unde</span> <span class='ocrx_word' id='word_1_209' title='bbox 586 2800 767 2876; x_wconf 90' lang='lat' dir='ltr'>proverbium</span> <span class='ocrx_word' id='word_1_210' title='bbox 789 2784 911 2880; x_wconf 74' lang='grc' dir='ltr'>μείζονα</span> <span class='ocrx_word' id='word_1_211' title='bbox 928 2793 986 2874; x_wconf 73' lang='grc' dir='ltr'>βοᾷ</span> <span class='ocrx_word' id='word_1_212' title='bbox 1002 2782 1114 2881; x_wconf 71' lang='grc' dir='ltr'>δάφνης</span> <span class='ocrx_word' id='word_1_213' title='bbox 1128 2799 1245 2883; x_wconf 74' lang='grc' dir='ltr'>χλωροῖς</span> <span class='ocrx_word' id='word_1_214' title='bbox 1259 2794 1382 2883; x_wconf 77' lang='grc' dir='ltr'>καιομέ-</span> 
     </span>
    </p>
   </div>
   <div class='ocr_carea' id='block_1_4' title="bbox 263 2902 1383 4308">
    <p class='ocr_par' dir='ltr' id='par_1_5' title="bbox 266 2902 1068 2993">
     <span class='ocr_line' id='line_1_22' title="bbox 266 2902 1068 2993; baseline 0.004 -27"><span class='ocrx_word' id='word_1_215' title='bbox 266 2927 328 2984; x_wconf 72' lang='grc' dir='ltr'>νης,</span> <span class='ocrx_word' id='word_1_216' title='bbox 345 2905 394 2967; x_wconf 84' lang='grc' dir='ltr'>ἐπὶ</span> <span class='ocrx_word' id='word_1_217' title='bbox 407 2912 470 2966; x_wconf 80' lang='grc' dir='ltr'>τῶν</span> <span class='ocrx_word' id='word_1_218' title='bbox 484 2902 605 2993; x_wconf 69' lang='grc' dir='ltr'>μεγάλα</span> <span class='ocrx_word' id='word_1_219' title='bbox 624 2903 762 2986; x_wconf 80' lang='grc' dir='ltr'>βοώντων</span> <span class='ocrx_word' id='word_1_220' title='bbox 777 2910 951 2987; x_wconf 84' lang='lat' dir='ltr'>Diogenian.</span> <span class='ocrx_word' id='word_1_221' title='bbox 970 2910 1001 2979; x_wconf 84' lang='grc'><strong>6,</strong></span> <span class='ocrx_word' id='word_1_222' title='bbox 1020 2911 1068 2969; x_wconf 76' lang='lat'>52.</span> 
     </span>
    </p>

    <p class='ocr_par' dir='ltr' id='par_1_6' title="bbox 263 3020 1383 3651">
     <span class='ocr_line' id='line_1_23' title="bbox 326 3020 1382 3098; baseline 0.003 -20"><span class='ocrx_word' id='word_1_223' title='bbox 326 3020 560 3078; x_wconf 86' lang='lat' dir='ltr'>Incantationum</span> <span class='ocrx_word' id='word_1_224' title='bbox 575 3020 750 3097; x_wconf 84' lang='lat' dir='ltr'>magicarum</span> <span class='ocrx_word' id='word_1_225' title='bbox 765 3020 859 3097; x_wconf 86' lang='lat' dir='ltr'>gratia</span> <span class='ocrx_word' id='word_1_226' title='bbox 873 3021 1003 3078; x_wconf 83' lang='lat' dir='ltr'>Hecatae</span> <span class='ocrx_word' id='word_1_227' title='bbox 1019 3022 1173 3093; x_wconf 85' lang='lat' dir='ltr'>sacellum,</span> <span class='ocrx_word' id='word_1_228' title='bbox 1188 3023 1224 3080; x_wconf 92' lang='lat' dir='ltr'>de</span> <span class='ocrx_word' id='word_1_229' title='bbox 1239 3041 1295 3098; x_wconf 90' lang='lat' dir='ltr'>quo</span> <span class='ocrx_word' id='word_1_230' title='bbox 1310 3024 1382 3083; x_wconf 91' lang='lat' dir='ltr'>Por·</span> 
     </span>
     <span class='ocr_line' id='line_1_24' title="bbox 264 3130 1382 3208; baseline 0.003 -20"><span class='ocrx_word' id='word_1_231' title='bbox 264 3130 361 3207; x_wconf 91' lang='lat' dir='ltr'>phyrii</span> <span class='ocrx_word' id='word_1_232' title='bbox 381 3130 528 3187; x_wconf 88' lang='lat' dir='ltr'>oraculum</span> <span class='ocrx_word' id='word_1_233' title='bbox 547 3130 622 3207; x_wconf 79' lang='lat' dir='ltr'>agit,</span> <span class='ocrx_word' id='word_1_234' title='bbox 643 3130 828 3189; x_wconf 80' lang='lat' dir='ltr'>condebatur.</span> <span class='ocrx_word' id='word_1_235' title='bbox 865 3131 912 3188; x_wconf 84' lang='lat' dir='ltr'>Ad</span> <span class='ocrx_word' id='word_1_236' title='bbox 930 3131 998 3189; x_wconf 88' lang='lat' dir='ltr'>illas</span> <span class='ocrx_word' id='word_1_237' title='bbox 1014 3152 1127 3208; x_wconf 90' lang='lat' dir='ltr'>quoqne</span> <span class='ocrx_word' id='word_1_238' title='bbox 1142 3134 1254 3191; x_wconf 90' lang='lat' dir='ltr'>laurum</span> <span class='ocrx_word' id='word_1_239' title='bbox 1269 3135 1382 3193; x_wconf 89' lang='lat' dir='ltr'>adhibi·</span> 
     </span>
     <span class='ocr_line' id='line_1_25' title="bbox 264 3240 1383 3320; baseline 0.001 -22"><span class='ocrx_word' id='word_1_240' title='bbox 264 3249 322 3298; x_wconf 88' lang='lat' dir='ltr'>tam</span> <span class='ocrx_word' id='word_1_241' title='bbox 337 3259 404 3298; x_wconf 90' lang='lat' dir='ltr'>esse</span> <span class='ocrx_word' id='word_1_242' title='bbox 419 3240 592 3299; x_wconf 87' lang='lat' dir='ltr'>Theocritus</span> <span class='ocrx_word' id='word_1_243' title='bbox 609 3240 735 3320; x_wconf 88' lang='lat' dir='ltr'>ostendit</span> <span class='ocrx_word' id='word_1_244' title='bbox 749 3240 820 3297; x_wconf 88' lang='lat' dir='ltr'>Buc.</span> <span class='ocrx_word' id='word_1_245' title='bbox 832 3242 859 3309; x_wconf 68' lang='lat'>2,</span> <span class='ocrx_word' id='word_1_246' title='bbox 876 3244 903 3309; x_wconf 89' lang='lat'>1,</span> <span class='ocrx_word' id='word_1_247' title='bbox 919 3241 969 3299; x_wconf 93' lang='lat' dir='ltr'>nbi</span> <span class='ocrx_word' id='word_1_248' title='bbox 984 3259 1055 3318; x_wconf 80' lang='lat' dir='ltr'>saga</span> <span class='ocrx_word' id='word_1_249' title='bbox 1069 3242 1199 3300; x_wconf 87' lang='lat' dir='ltr'>Hecaten</span> <span class='ocrx_word' id='word_1_250' title='bbox 1215 3244 1383 3299; x_wconf 86' lang='lat' dir='ltr'>invocatura</span> 
     </span>
     <span class='ocr_line' id='line_1_26' title="bbox 265 3335 1382 3432; baseline 0.001 -25"><span class='ocrx_word' id='word_1_251' title='bbox 265 3344 300 3428; x_wconf 85' lang='lat' dir='ltr'>(v.</span> <span class='ocrx_word' id='word_1_252' title='bbox 317 3353 353 3409; x_wconf 95' lang='grc'>11</span> <span class='ocrx_word' id='word_1_253' title='bbox 372 3344 430 3427; x_wconf 85' lang='lat' dir='ltr'>sq.)</span> <span class='ocrx_word' id='word_1_254' title='bbox 446 3351 602 3409; x_wconf 86' lang='lat' dir='ltr'>exclamat:</span> <span class='ocrx_word' id='word_1_255' title='bbox 622 3355 667 3425; x_wconf 72' lang='grc' dir='ltr'>πᾷ</span> <span class='ocrx_word' id='word_1_256' title='bbox 682 3368 732 3432; x_wconf 78' lang='grc' dir='ltr'>μοι</span> <span class='ocrx_word' id='word_1_257' title='bbox 746 3345 797 3406; x_wconf 79' lang='grc' dir='ltr'>σαὶ</span> <span class='ocrx_word' id='word_1_258' title='bbox 813 3335 935 3431; x_wconf 85' lang='grc' dir='ltr'>δαφναί;</span> <span class='ocrx_word' id='word_1_259' title='bbox 961 3350 1008 3408; x_wconf 89' lang='lat' dir='ltr'>Ad</span> <span class='ocrx_word' id='word_1_260' title='bbox 1027 3369 1101 3424; x_wconf 89' lang='lat' dir='ltr'>quae</span> <span class='ocrx_word' id='word_1_261' title='bbox 1115 3353 1204 3409; x_wconf 89' lang='lat' dir='ltr'>verba</span> <span class='ocrx_word' id='word_1_262' title='bbox 1223 3352 1382 3409; x_wconf 85' lang='lat' dir='ltr'>scholiasta</span> 
     </span>
     <span class='ocr_line' id='line_1_27' title="bbox 263 3445 1382 3543; baseline 0 -26"><span class='ocrx_word' id='word_1_263' title='bbox 263 3468 399 3517; x_wconf 87' lang='lat' dir='ltr'>annotat:</span> <span class='ocrx_word' id='word_1_264' title='bbox 416 3458 604 3519; x_wconf 79' lang='grc' dir='ltr'>συντελοῦσιν</span> <span class='ocrx_word' id='word_1_265' title='bbox 620 3459 650 3517; x_wconf 84' lang='grc' dir='ltr'>αἱ</span> <span class='ocrx_word' id='word_1_266' title='bbox 666 3445 775 3541; x_wconf 78' lang='grc' dir='ltr'>δάφναι</span> <span class='ocrx_word' id='word_1_267' title='bbox 790 3453 860 3540; x_wconf 77' lang='grc' dir='ltr'>πρὸς</span> <span class='ocrx_word' id='word_1_268' title='bbox 874 3454 1024 3541; x_wconf 75' lang='grc' dir='ltr'>γοητείαν,</span> <span class='ocrx_word' id='word_1_269' title='bbox 1041 3448 1087 3528; x_wconf 85' lang='grc' dir='ltr'>αἷς</span> <span class='ocrx_word' id='word_1_270' title='bbox 1102 3458 1131 3515; x_wconf 89' lang='grc' dir='ltr'>αἱ</span> <span class='ocrx_word' id='word_1_271' title='bbox 1147 3454 1382 3543; x_wconf 76' lang='grc' dir='ltr'>φαρμάκεύτριαι</span> 
     </span>
     <span class='ocr_line' id='line_1_28' title="bbox 263 3569 1228 3651; baseline 0.002 -25"><span class='ocrx_word' id='word_1_272' title='bbox 263 3573 401 3651; x_wconf 73' lang='grc' dir='ltr'>χρῶνται</span> <span class='ocrx_word' id='word_1_273' title='bbox 423 3569 457 3628; x_wconf 93' lang='lat' dir='ltr'>V.</span> <span class='ocrx_word' id='word_1_274' title='bbox 472 3571 510 3628; x_wconf 75' lang='lat'>23</span> <span class='ocrx_word' id='word_1_275' title='bbox 527 3588 598 3648; x_wconf 86' lang='lat' dir='ltr'>saga</span> <span class='ocrx_word' id='word_1_276' title='bbox 611 3570 654 3628; x_wconf 87' lang='lat' dir='ltr'>ita</span> <span class='ocrx_word' id='word_1_277' title='bbox 669 3569 697 3627; x_wconf 95' lang='lat' dir='ltr'>in</span> <span class='ocrx_word' id='word_1_278' title='bbox 713 3569 889 3645; x_wconf 87' lang='lat' dir='ltr'>Delphidem</span> <span class='ocrx_word' id='word_1_279' title='bbox 905 3588 1024 3644; x_wconf 91' lang='lat' dir='ltr'>puerum</span> <span class='ocrx_word' id='word_1_280' title='bbox 1039 3570 1228 3645; x_wconf 83' lang='lat' dir='ltr'>imprecatur:</span> 
     </span>
    </p>

    <p class='ocr_par' dir='ltr' id='par_1_7' title="bbox 263 3663 1297 4308">
     <span class='ocr_line' id='line_1_29' title="bbox 754 3663 1186 3763; baseline -0.002 -26"><span class='ocrx_word' id='word_1_281' title='bbox 754 3673 815 3763; x_wconf 76' lang='grc' dir='ltr'>ἐγὼ</span> <span class='ocrx_word' id='word_1_282' title='bbox 831 3663 856 3736; x_wconf 86' lang='grc' dir='ltr'>δ’</span> <span class='ocrx_word' id='word_1_283' title='bbox 871 3673 919 3736; x_wconf 83' lang='grc' dir='ltr'>ἐπὶ</span> <span class='ocrx_word' id='word_1_284' title='bbox 933 3664 1057 3761; x_wconf 80' lang='grc' dir='ltr'>Δελφίδι</span> <span class='ocrx_word' id='word_1_285' title='bbox 1073 3664 1186 3761; x_wconf 78' lang='grc' dir='ltr'>δάφναν</span> 
     </span>
     <span class='ocr_line' id='line_1_30' title="bbox 440 3778 1117 3873; baseline 0.001 -27"><span class='ocrx_word' id='word_1_286' title='bbox 440 3778 528 3846; x_wconf 73' lang='lat' dir='ltr'>cibor·</span> <span class='ocrx_word' id='word_1_287' title='bbox 543 3787 603 3872; x_wconf 80' lang='grc' dir='ltr'>χώς</span> <span class='ocrx_word' id='word_1_288' title='bbox 618 3785 697 3848; x_wconf 82' lang='grc' dir='ltr'>αὐτοὶ</span> <span class='ocrx_word' id='word_1_289' title='bbox 711 3788 800 3847; x_wconf 83' lang='grc' dir='ltr'>λακεῒ</span> <span class='ocrx_word' id='word_1_290' title='bbox 813 3783 894 3873; x_wconf 74' lang='grc' dir='ltr'>μέγα</span> <span class='ocrx_word' id='word_1_291' title='bbox 908 3786 1117 3871; x_wconf 81' lang='grc' dir='ltr'>καππυρίσοισα</span> 
     </span>
     <span class='ocr_line' id='line_1_31' title="bbox 439 3884 1200 3983; baseline 0.007 -29"><span class='ocrx_word' id='word_1_292' title='bbox 439 3885 602 3967; x_wconf 61' lang='lat' dir='ltr'>andaciam</span> <span class='ocrx_word' id='word_1_293' title='bbox 617 3891 714 3980; x_wconf 73' lang='grc' dir='ltr'><strong>ἅφθη,</strong></span> <span class='ocrx_word' id='word_1_294' title='bbox 730 3885 820 3957; x_wconf 81' lang='grc' dir='ltr'>κούδὲ</span> <span class='ocrx_word' id='word_1_295' title='bbox 836 3884 947 3956; x_wconf 83' lang='grc' dir='ltr'>σποδὸν</span> <span class='ocrx_word' id='word_1_296' title='bbox 962 3884 1079 3983; x_wconf 76' lang='grc' dir='ltr'>εἴδομες</span> <span class='ocrx_word' id='word_1_297' title='bbox 1094 3898 1200 3975; x_wconf 81' lang='grc' dir='ltr'>αὐτάς,</span> 
     </span>
     <span class='ocr_line' id='line_1_32' title="bbox 439 4002 1196 4094; baseline 0.007 -28"><span class='ocrx_word' id='word_1_298' title='bbox 439 4003 518 4067; x_wconf 73' lang='grc' dir='ltr'>οὕτω</span> <span class='ocrx_word' id='word_1_299' title='bbox 534 4027 582 4066; x_wconf 87' lang='grc' dir='ltr'>τοι</span> <span class='ocrx_word' id='word_1_300' title='bbox 597 4005 648 4066; x_wconf 87' lang='grc' dir='ltr'>καὶ</span> <span class='ocrx_word' id='word_1_301' title='bbox 661 4003 770 4092; x_wconf 82' lang='grc' dir='ltr'>Δέλρις</span> <span class='ocrx_word' id='word_1_302' title='bbox 785 4005 826 4067; x_wconf 87' lang='grc' dir='ltr'>ἐνὶ</span> <span class='ocrx_word' id='word_1_303' title='bbox 841 4005 931 4092; x_wconf 72' lang='grc' dir='ltr'>φλογὶ</span> <span class='ocrx_word' id='word_1_304' title='bbox 946 4003 1027 4093; x_wconf 85' lang='grc' dir='ltr'>σάρκ’</span> <span class='ocrx_word' id='word_1_305' title='bbox 1042 4002 1196 4094; x_wconf 64' lang='lat' dir='ltr'>&amp;garaihton</span> 
     </span>
     <span class='ocr_line' id='line_1_33' title="bbox 263 4119 1297 4196; baseline 0.004 -20"><span class='ocrx_word' id='word_1_306' title='bbox 263 4119 348 4194; x_wconf 75' lang='lat' dir='ltr'>Quae</span> <span class='ocrx_word' id='word_1_307' title='bbox 363 4119 510 4196; x_wconf 82' lang='lat' dir='ltr'>Vergilius</span> <span class='ocrx_word' id='word_1_308' title='bbox 525 4119 556 4176; x_wconf 95' lang='lat' dir='ltr'>in</span> <span class='ocrx_word' id='word_1_309' title='bbox 571 4120 660 4178; x_wconf 91' lang='lat' dir='ltr'>simili</span> <span class='ocrx_word' id='word_1_310' title='bbox 675 4121 873 4179; x_wconf 89' lang='lat' dir='ltr'>incantatione</span> <span class='ocrx_word' id='word_1_311' title='bbox 888 4120 959 4179; x_wconf 90' lang='lat' dir='ltr'>Buc.</span> <span class='ocrx_word' id='word_1_312' title='bbox 977 4123 1005 4191; x_wconf 90' lang='grc'><strong>8,</strong></span> <span class='ocrx_word' id='word_1_313' title='bbox 1023 4123 1082 4180; x_wconf 85' lang='grc'>803</span> <span class='ocrx_word' id='word_1_314' title='bbox 1098 4122 1141 4179; x_wconf 93' lang='lat' dir='ltr'>ita</span> <span class='ocrx_word' id='word_1_315' title='bbox 1155 4123 1297 4181; x_wconf 86' lang='lat' dir='ltr'>imitatur:</span> 
     </span>
     <span class='ocr_line' id='line_1_34' title="bbox 369 4229 1274 4308; baseline 0.003 -23"><span class='ocrx_word' id='word_1_316' title='bbox 369 4229 505 4305; x_wconf 91' lang='lat' dir='ltr'>Daphnis</span> <span class='ocrx_word' id='word_1_317' title='bbox 521 4250 567 4287; x_wconf 91' lang='lat' dir='ltr'>me</span> <span class='ocrx_word' id='word_1_318' title='bbox 581 4231 675 4289; x_wconf 87' lang='lat' dir='ltr'>malus</span> <span class='ocrx_word' id='word_1_319' title='bbox 690 4230 762 4288; x_wconf 84' lang='lat' dir='ltr'>urit:</span> <span class='ocrx_word' id='word_1_320' title='bbox 779 4250 831 4308; x_wconf 84' lang='lat' dir='ltr'>ego</span> <span class='ocrx_word' id='word_1_321' title='bbox 847 4231 966 4288; x_wconf 87' lang='lat' dir='ltr'>hanclo</span> <span class='ocrx_word' id='word_1_322' title='bbox 982 4231 1138 4307; x_wconf 86' lang='lat' dir='ltr'>Daphnide</span> <span class='ocrx_word' id='word_1_323' title='bbox 1152 4234 1274 4290; x_wconf 88' lang='lat' dir='ltr'>laurum.</span> 
     </span>
    </p>
   </div>
   <div class='ocr_carea' id='block_1_5' title="bbox 721 4514 925 4525">
    <p class='ocr_par' dir='ltr' id='par_1_8' title="bbox 721 4514 925 4525">
     <span class='ocr_line' id='line_1_35' title="bbox 721 4514 925 4525; baseline 0.01 -2"><span class='ocrx_word' id='word_1_324' title='bbox 721 4514 925 4525; x_wconf 50' lang='grc' dir='ltr'>*ια-*-</span> 
     </span>
    </p>
   </div>
   <div class='ocr_carea' id='block_1_6' title="bbox 0 0 1801 5400">
    <p class='ocr_par' dir='ltr' id='par_1_9' title="bbox 0 0 1801 5400">
     <span class='ocr_line' id='line_1_36' title="bbox 0 0 1801 5400; baseline 0 0"><span class='ocrx_word' id='word_1_325' title='bbox 0 0 1801 5400; x_wconf 95' lang='lat' dir='ltr'> </span> 
     </span>
    </p>
   </div>
  </div>
 </body>
</html>
