3592 5400
475 635 516 696 26
909 650 1017 695 nonas.

473 843 510 907 A,
534 841 625 907 Stahr
648 840 721 907 bene
743 843 897 921 observat,
920 864 980 928 quo
1003 849 1135 930 tompore
1158 840 1340 907 Aristoteles
1356 841 1457 908 Athe-

473 1004 526 1046 nas
557 983 687 1054 venerit.
717 983 749 1047 id
780 989 826 1048 est
856 1005 881 1047 a.
909 985 971 1047 367
1004 1004 1028 1046 a.
1058 981 1092 1047 G.
1128 980 1226 1068 (Vidr.
1260 980 1385 1046 Olinton
1421 982 1454 1046 in

473 1120 572 1186 Fastis
597 1120 676 1186 Hell.
700 1144 727 1208 p.
752 1124 841 1204 124).
872 1121 1029 1186 Platonem
1052 1143 1113 1185 uon
1136 1119 1266 1185 Athenis
1289 1119 1340 1184 sed
1364 1120 1453 1205 Syra·

473 1261 555 1325 cusis
588 1261 681 1326 fuisse
715 1266 744 1326 et
788 1260 859 1325 inde
894 1261 1050 1325 revertisse
1086 1258 1251 1325 secundum
1289 1258 1453 1324 Corsinum

473 1423 497 1464 a.
527 1403 590 1465 365
622 1422 645 1463 a.
670 1398 705 1463 Ο.
729 1438 772 1448 -
796 1399 886 1472 Quod
914 1406 1013 1465 autem
1036 1398 1126 1465 Stahr
1149 1399 1274 1485 conjicit
1295 1397 1369 1463 hinc
1391 1398 1453 1463 for·

472 1543 552 1603 tasse
582 1539 695 1603 factum
726 1562 791 1604 esse
820 1544 871 1615 ut,
901 1538 954 1623 qui
984 1535 1095 1603 alicubi
1126 1537 1272 1622 legissent
1293 1536 1451 1601 Platonem

473 1682 537 1741 tum
561 1699 612 1763 por
636 1676 711 1741 duos
736 1676 780 1741 vel
804 1683 864 1742 tres
887 1699 983 1742 annos
1001 1698 1063 1741 non
1082 1675 1212 1741 Athenis
1230 1675 1339 1750 fuisse,
1358 1675 1454 1740 finxe-

474 1816 536 1880 rint
567 1816 761 1881 Aristotelem
792 1839 843 1903 per
866 1815 924 1881 hoc
947 1821 1064 1903 tempus
1087 1815 1221 1880 Socratis
1243 1814 1337 1880 fuisse
1359 1813 1453 1883 disci-

473 1953 594 2040 pulum,
617 1955 708 2019 nimis
728 1955 895 2041 quaesitum
917 1954 990 2019 mihi
1011 1954 1138 2020 videtur.
1160 1952 1228 2018 Hoc
1248 1953 1450 2017 unieeverum

473 2093 627 2157 existimo:
662 2091 835 2180 biographi,
866 2093 920 2178 qui
953 2092 1129 2158 Aristotelis
1163 2097 1234 2156 sunt
1268 2090 1453 2169 laudatores,

472 2231 551 2297 hanc
581 2254 727 2297 summam
760 2230 931 2319 philosophi
963 2232 1054 2318 hujus
1077 2231 1363 2297 commendationem
1388 2254 1454 2296 esse

473 2369 633 2457 putabant,
659 2370 684 2435 si
708 2371 841 2435 Socratis
863 2371 971 2436 fuisset
995 2369 1170 2456 discipulus.

517 2646 589 2735 Peg.
614 2649 641 2713 3.
672 2647 742 2713 Lin.
765 2652 786 2713 4
809 2655 838 2713 et
863 2651 892 2713 5.
922 2644 1023 2713 Habet
1046 2645 1112 2711 MS.
1135 2651 1179 2725 πῆ
1204 2643 1238 2708 δὲ
1263 2645 1451 2731 συμπεριὼτ

473 2784 561 2869 αὐτῷ
567 2831 698 2848 ......
727 2795 757 2851 et
781 2786 989 2873 compendium
1015 2783 1145 2868 syllabae
1169 2809 1208 2866 ην
1233 2806 1302 2849 cum
1325 2792 1452 2851 accentu

472 2926 556 3011 gravi
582 2929 636 2989 καὶ
662 2932 735 3007 γῆν.
762 2925 915 2990 Vitiosum
937 2923 1123 3045 συμπεριιών
1142 2924 1261 2989 restitui
1277 2924 1310 2987 in
1328 2945 1452 3004 συμπε-

472 3064 580 3149 ριϊὼτ,
603 3071 666 3129 tum
688 3071 760 3129 nota
779 3064 908 3129 formula
926 3085 982 3128 neo
1001 3084 1061 3127 non
1081 3069 1224 3128 accentus
1240 3067 1270 3127 et
1282 3062 1453 3149 compendii

473 3204 562 3290 signo
586 3202 698 3267 ductus
721 3202 834 3266 inserui
859 3199 1035 3265 θάλατταν
1060 3198 1199 3283 πολλὴν.

516 3478 595 3544 Ibid.
617 3478 687 3544 Lin.
713 3482 741 3544 7.
762 3475 893 3563 σχολὴν.
912 3526 919 3540 .
936 3433 993 3546 .i.
1011 3525 1018 3540 .
1036 3525 1043 3540 .
1059 3478 1095 3541 τὸ
1115 3480 1270 3542 Λύκειον.
1292 3475 1360 3543 MS.
1377 3479 1452 3566 Spa·

471 3619 547 3683 tium
576 3640 704 3683 vacuum
736 3618 786 3682 vix
818 3617 954 3682 admittit
978 3616 1063 3681 aliam
1090 3638 1190 3681 vocem
1214 3622 1330 3703 practer
1352 3615 1451 3681 Πλά-

472 3781 562 3821 τωνι.
596 3756 654 3821 sed
687 3779 742 3821 nec
773 3756 846 3820 satis
870 3756 1011 3820 convenit
1034 3754 1107 3820 haec
1130 3756 1318 3821 constructio
1341 3755 1451 3841 ἀντῳ-

473 3894 650 3978 κοδόμησετ
672 3892 911 3978 Ἀριστοτέλης
933 3891 1052 3978 σχολὴν
1070 3892 1229 3959 Πλάτωνι
1243 3895 1278 3957 τὸ
1291 3899 1448 3975 Λύκειον,

470 4044 500 4099 et
531 4033 638 4097 Versio
669 4034 707 4097 V.
738 4033 774 4098 J..
808 4039 838 4097 ot
865 4039 1027 4098 contextus
1057 4032 1193 4098 indicant
1215 4039 1351 4098 nostrum
1376 4036 1449 4099 scri·

470 4173 566 4260 psisse
576 4170 633 4235 οὐκ
646 4176 712 4256 ἄρα
725 4169 996 4254 (ἐπῳκοδόμησεν
1011 4168 1248 4255 Ἀριστοτέλης
1262 4170 1311 4234 ἔτι
1327 4171 1449 4248 ζῶντος

469 4308 651 4384 Πλάτωνος
683 4316 718 4373 τό
743 4314 898 4374 Λύκειον.
929 4309 991 4374 cfr.
1017 4311 1079 4376 vita
1100 4311 1194 4375 Arist.
1218 4310 1451 4377 Pseudo-Amm.

470 4452 578 4536 Itaque
602 4451 646 4514 sic
668 4450 701 4513 in
725 4456 841 4514 textum
866 4450 972 4536 recepi.
