3592 5400
533 538 776 582 snnmsuaxrour
798 540 825 583 ν.
870 537 1076 583 omemomm
1098 542 1261 586 arrarum.
1396 524 1457 589 229

340 695 512 754 vetustiores
526 711 584 750 non
599 691 771 750 daemonum
785 712 906 771 genera,
923 695 973 752 sod
989 702 1101 770 septem
1120 697 1311 774 archangelos
1331 700 1458 776 planetis

338 804 501 884 pnefectos
515 804 651 863 colebant
665 796 712 879 (ci.
728 822 816 879 supra
831 824 860 881 p.
877 797 966 882 223);
988 823 1041 862 nec
1061 807 1235 864 credendum
1250 809 1406 868 Plutarcho
1422 813 1458 868 de

336 916 393 975 def.
405 932 500 974 onec.
517 915 555 973 10
570 932 599 990 p.
613 910 673 973 415
683 936 715 972 a.
730 913 838 972 dicenti
853 915 889 972 de
904 914 1092 974 daemonibus
1108 925 1246 992 tanquam
1261 919 1365 978 mediis
1380 921 1458 978 iuter

337 1028 406 1087 deos
420 1034 454 1084 et
467 1026 614 1084 homines:
635 1022 695 1082 site
710 1017 829 1108 Μάγων
848 1029 910 1082 τῶν
930 1022 997 1108 περὶ
1016 1018 1214 1110 Ζωροάστρην
1235 1022 1357 1112 tlt-,m
1371 1018 1457 1099 οὗτός

338 1133 428 1211 ἐστιν,
444 1134 505 1194 εἴτε
519 1127 651 1217 &pinum
665 1128 716 1193 ἀπ’
731 1127 880 1217 Ὀρφέως,
896 1129 948 1194 εἴτ’
964 1129 1318 1222 .1ἰμ1πτιω;ἢ(1)ρύ·μος,
1334 1138 1374 1208 ὡς
1388 1157 1458 1198 τεκ-

338 1238 507 1332 μαιρόμεθα
525 1247 592 1315 ταῖς
611 1237 733 1327 ἑτέρωθι
753 1244 891 1315 τελεταῖς
913 1240 1143 1330 ἀναμεμιγμένα
1168 1243 1269 1306 πολλὰ
1291 1241 1385 1313 θνηταὶ
1406 1246 1457 1308 καὶ

337 1350 467 1441 πένθιμα
486 1360 548 1414 τῶν
568 1343 787 1440 ὀργιαζομένων
805 1353 857 1415 καὶ
877 1340 1035 1440 δρωμένων
1054 1355 1138 1439 ἱερῶν
1154 1358 1286 1441 ὁρῶντες.
1315 1359 1458 1420 Studebat

337 1469 415 1526 enim
429 1466 620 1536 Plutarchus,
641 1467 813 1544 praesertim
834 1468 863 1525 in
884 1487 986 1527 comm.
1006 1469 1042 1526 de
1059 1469 1135 1528 lside
1150 1478 1179 1527 et
1194 1470 1229 1527 de
1245 1468 1374 1529 Socratis
1389 1471 1456 1528 due·

336 1580 451 1648 monio,
468 1577 645 1637 Graecorum
661 1578 770 1654 placita
781 1579 818 1635 ad
831 1579 956 1656 Aegypti
968 1580 1114 1655 Asiaeque
1125 1599 1260 1638 revocare
1272 1581 1455 1657 sapientiam,

338 1697 366 1748 et
380 1708 470 1766 quum
485 1688 523 1747 ab
534 1687 652 1766 Orpheo
668 1695 697 1745 et
709 1689 770 1746 Atti
786 1697 886 1748 sancta
901 1690 1044 1765 quaedam
1060 1692 1198 1766 mysteria
1212 1691 1378 1748 dicerentur
1392 1712 1457 1768 pro·

336 1799 415 1858 lecta
428 1818 509 1869 esse,
531 1800 648 1859 arcanis
663 1799 709 1859 his
724 1798 828 1858 ritibus
842 1818 985 1858 summam
999 1801 1036 1857 de
1051 1801 1107 1858 diis
1122 1802 1282 1859 doctrinam
1298 1802 1456 1881 significari

337 1911 550 1988 suspicabatur.

658 2310 1059 2391 numanam
1084 2320 1127 2392 V.

589 2489 921 2553 oancunoauu
949 2491 1205 2592 areanum.

845 2673 947 2685 —u—-u

401 2836 437 2893 P.
453 2835 511 2893 108
527 2834 596 2904 dixi,
613 2834 726 2892 codices
741 2833 944 2892 Florentinum
959 2833 1048 2892 Laur.
1065 2834 1115 2905 32,
1134 2835 1171 2893 16
1187 2841 1216 2891 et
1229 2833 1456 2910 Neapolitanum

337 2946 426 3004 Borb.
443 2945 473 3001 Π
488 2944 513 3002 F
530 2946 547 3003 9
569 2944 681 3020 aliquot
700 2945 817 3003 oracula
830 2946 985 3021 praebere,
1012 2964 1086 3022 quae
1101 2945 1139 3002 ad
1150 2945 1375 3004 confirmandam
1391 2946 1456 3003 doc-

340 3051 447 3113 trinam
469 3054 664 3114 Christianam
689 3056 834 3132 pertinere
858 3056 1033 3115 viderentur.
1075 3057 1184 3114 Eorum
1206 3074 1293 3132 quum
1313 3076 1402 3113 unum
1422 3076 1458 3114 ox

338 3166 496 3243 Porphyrii
513 3165 598 3226 libris
614 3166 649 3223 de
666 3166 790 3225 oraculis
808 3168 963 3242 repetitum
980 3167 1019 3225 sit
1031 3160 1071 3243 (p.
1087 3159 1169 3240 144),
1188 3167 1265 3224 Phil.
1283 3161 1457 3224 Mornaeus¹

340 3279 376 3336 dc
396 3276 479 3354 relig.
497 3273 605 3335 Christ.
627 3294 690 3353 cap.
708 3277 747 3335 32
763 3296 791 3352 p.
810 3278 870 3335 436
887 3277 932 3333 ed.
948 3276 1090 3352 Franoog.
1109 3275 1125 3331 2
1147 3268 1187 3351 (p.
1205 3275 1264 3332 587
1281 3274 1325 3332 ed.
1342 3275 1408 3332 Lat.
1427 3268 1455 3350 2)

341 3388 428 3446 etiam
443 3386 560 3444 tertium
575 3394 605 3444 et
616 3393 750 3463 quartum
761 3385 846 3445 huius
858 3385 1027 3462 appendicis
1040 3404 1074 3441 ex
1085 3383 1187 3440 iisdem
1200 3382 1283 3440 libris
1295 3383 1380 3440 ducta
1391 3402 1456 3441 esse

339 3473 395 3569 ait3
411 3516 497 3574 quem
511 3497 624 3556 Daleus
639 3497 675 3555 de
690 3496 815 3555 oraculis
829 3516 858 3573 p.
877 3499 918 3555 44
934 3496 979 3553 ed.
996 3496 1028 3565 2,
1048 3493 1134 3571 Hugo
1150 3491 1269 3551 Grotius
1285 3492 1321 3549 de
1336 3493 1456 3549 veritate

339 3608 491 3686 religionis
507 3605 633 3678 Christ,
649 3607 838 3665 Fontenellus
852 3606 973 3664 histoire
988 3605 1039 3661 des
1054 3602 1165 3661 eracles
1186 3593 1356 3677 (Amstelod.
1375 3604 1452 3659 1701

340 3720 385 3778 eh.
403 3712 433 3797 8)
454 3738 483 3795 p.
501 3719 534 3787 9,
556 3718 607 3775 alii
623 3718 715 3775 secuti
730 3723 812 3789 sunt3
833 3716 974 3774 decimum
995 3714 1111 3772 tertium
1134 3711 1233 3768 eodem
1248 3711 1361 3768 rettulit
1379 3711 1453 3769 Lob.

338 3829 407 3907 Agl.
425 3830 496 3887 913.
525 3829 565 3886 At
580 3834 697 3903 praeter
709 3827 783 3885 illud
797 3847 894 3897 unum,
911 3825 987 3900 quod
1000 3844 1030 3900 p.
1049 3825 1109 3882 144
1124 3821 1279 3891 edidimus,
1300 3830 1394 3896 noque
1409 3839 1456 3879 co-

339 3940 419 3998 dices
434 3939 526 3996 ullum
540 3938 642 3996 horum
658 3937 837 3995 oraculorum
849 3934 1011 4011 Porphyrio
1023 3932 1182 4007 ascribunt,
1196 3949 1290 4007 neque
1303 3928 1454 3999 Steuchus,

410 4144 419 4175 ¹
438 4140 570 4210 Philippos
587 4141 619 4193 do
635 4140 754 4209 Momm,
773 4138 848 4192 Sieur
866 4138 900 4190 du
917 4138 1013 4190 Plessis
1025 4136 1118 4203 Marly,
1136 4133 1167 4187 do
1184 4134 1211 4186 la
1227 4132 1308 4186 reritd
1326 4133 1358 4184 ds
1373 4133 1401 4183 la
1416 4148 1455 4182 ro·

338 4227 423 4297 ligion
442 4224 618 4289 chrestianus,
637 4228 724 4278 contre
741 4224 780 4276 les
798 4221 900 4287 athdes,
921 4219 1074 4291 Epicureos,
1091 4220 1195 4289 paiens,
1218 4217 1300 4281 Juiis,
1321 4215 1456 4268 Mahume·

340 4312 419 4364 distes
438 4314 465 4363 et
481 4315 568 4362 autres
584 4308 712 4362 infideles.
735 4307 835 4360 Anvers
849 4306 923 4359 1541.
940 4305 965 4357 4.
986 4304 1061 4357 Ede
1078 4319 1172 4356 reveno
1183 4317 1230 4370 par
1240 4300 1357 4363 l'auteur,
1374 4299 1454 4351 Paris.

341 4395 416 4449 1590.
437 4393 476 4447 16.
488 4424 516 4434 -
539 4394 577 4446 De
594 4394 702 4445 veritate
713 4391 848 4460 religionis
861 4388 1023 4442 Christianae
1034 4388 1129 4441 liber..
1146 4384 1237 4438 aPhil.
1249 4384 1374 4436 Momaeo
1385 4381 1456 4434 Ples-

339 4479 404 4533 siaci
421 4467 555 4533 domino‘..
572 4477 629 4530 Lat.
646 4491 765 4529 versus..
782 4475 906 4544 Antrerp.
925 4472 998 4526 1583.
1016 4471 1040 4526 8.
1059 4470 1105 4524 Ed.
1119 4470 1134 4523 2
1152 4485 1217 4523 corr.
1231 4467 1343 4537 Sigenae
1360 4467 1455 4521 Nasso-

337 4562 441 4617 riorum
460 4561 535 4617 1597.
552 4560 577 4615 8.
