3592 5400
842 635 953 681 uorrr.
1343 623 1384 683 25

410 829 489 894 cisse
507 829 628 917 poesin,
648 825 841 905 rhetoricam,
860 827 1032 916 physicam,
1050 834 1107 894 etc.
1127 829 1185 894 Sed
1204 829 1387 918 malesigni·

409 971 479 1034 ficet
509 966 704 1034 Aristotelem
737 965 809 1032 haec
839 967 941 1032 omnia
970 966 1186 1034 adolescentem
1216 968 1387 1056 scripsisse:

410 1107 467 1173 hoc
497 1108 576 1172 enirn
606 1105 694 1171 illum
719 1104 849 1171 voluisse
871 1111 952 1193 petet
975 1129 1012 1172 ex
1035 1107 1119 1185 istis,
1142 1106 1326 1192 γέγραπται
1351 1106 1385 1173 δὲ

410 1245 499 1329 αὐτῷ
524 1248 579 1309 καὶ
604 1251 625 1327 ἡ
648 1249 714 1310 τῶν
739 1243 916 1309 πολιτειῶν
941 1245 1068 1330 ἱστορία
1087 1246 1288 1331 ὕστερον,
1310 1270 1387 1333 qnae

410 1384 497 1451 verba
527 1407 589 1450 non
620 1383 708 1450 habet
739 1384 1073 1466 Pseudo-Ammonius3
1105 1385 1154 1450 hic
1180 1386 1224 1451 ita
1254 1385 1386 1474 intelligi

409 1523 510 1589 debet:
542 1522 744 1589 “Aristoteles
774 1522 946 1589 adolescens
973 1525 1093 1612 egregie
1114 1523 1290 1591 educatione
1312 1548 1386 1590 usus

408 1668 471 1741 est,
500 1668 530 1728 et
557 1684 659 1727 omnes
688 1667 765 1729 artes
788 1663 925 1729 eruditus
947 1686 1023 1749 quae
1045 1664 1210 1751 ingenuum
1235 1663 1384 1731 liberalem

408 1802 529 1881 decent;
553 1800 634 1887 quod
657 1807 738 1887 patet
750 1800 795 1866 vel
807 1824 844 1866 ex
866 1802 923 1880 iis,
945 1824 1021 1889 quae
1043 1803 1169 1888 (postea)
1192 1801 1229 1867 de
1247 1801 1294 1867 his
1310 1802 1385 1890 ipsis

407 1938 521 2006 artibus
552 1939 703 2027 scripsit„
733 1941 828 2007 Recte
850 1941 929 2006 enim
953 1940 983 2005 J.
1007 1940 1064 2006 uh.
1087 1941 1186 2007 Buhle
1208 1941 1228 2006 l.
1251 1964 1276 2007 c.
1299 1941 1335 2006 Τ.
1358 1942 1384 2007 Ι.

407 2105 434 2167 p.
467 2083 518 2144 84.
552 2078 794 2151 “Quaestionum
832 2078 1077 2156 Homericarum,
1111 2079 1254 2145 librorum
1287 2079 1323 2144 de
1353 2103 1384 2146 re

406 2218 524 2305 poetica
554 2222 584 2282 et
607 2216 644 2282 de
666 2217 764 2304 poetis
787 2223 843 2283 etc.
869 2216 914 2281 vel
936 2218 1104 2306 fragmenta
1127 2219 1222 2283 vinnm
1246 2217 1385 2285 subactae

400 2357 465 2444 jam
488 2356 668 2422 eruditionis
691 2360 721 2421 et
744 2356 917 2422 maturioris
939 2357 1045 2423 aetatis
1068 2357 1232 2444 produnt„

450 2632 529 2699 Ibid.
559 2632 628 2698 Irin.
661 2637 711 2698 14.
742 2635 797 2698 acal
829 2636 870 2697 τὰ
900 2632 1108 2720 γεγραμμένα
1130 2634 1219 2721 αὐτῷ
1245 2635 1383 2700 δικαιώ-

404 2799 495 2856 ματα
531 2778 597 2839 τῶν
632 2771 839 2858 Ἑλληνίδων
875 2772 1013 2840 πόλεων.
1058 2776 1191 2841 Omnino
1222 2798 1289 2841 cum
1325 2775 1383 2841 hoc

405 2914 472 2978 loco
503 2912 735 3000 comparandum
766 2919 810 2978 est
839 2913 1058 3000 fragmentum,
1087 2913 1167 3000 quod
1198 2913 1286 2980 nobis
1318 2916 1383 3000 (sed

406 3055 557 3138 corrupte)
583 3052 715 3117 serravit
733 3052 915 3117 Ammonius
934 3055 1006 3137 περὶ
1029 3051 1193 3137 διαφόρων
1211 3052 1329 3128 λέξεων
1349 3055 1382 3119 in

405 3212 479 3257 voce
514 3196 598 3271 νῆες,
635 3189 688 3256 nbi
721 3189 833 3278 legitur
872 3193 1079 3273 Λικαιώμασι
1115 3196 1181 3256 τῶν
1217 3190 1380 3275 πολέμων.

404 3329 597 3395 Restituatur
632 3325 770 3393 πόλεων.
807 3328 957 3414 Adjiciam
992 3352 1067 3413 quae
1100 3352 1117 3393 a
1148 3329 1217 3393 VV.
1250 3330 1320 3395 DD.
1344 3331 1381 3397 ad

405 3467 487 3534 hunc
510 3468 664 3534 Ammonii
687 3466 786 3533 locum
810 3472 914 3533 notata
936 3467 1086 3554 leguntur.
1114 3468 1208 3550 (Edit.
1222 3467 1379 3557 Valcken.)

404 3608 520 3674 “Hanc
550 3607 707 3672 lectionem
742 3605 920 3690 (πολέμων)
954 3614 1058 3674 contra
1079 3607 1306 3688 Gasaubonnm,
1329 3612 1380 3696 qui

405 3745 530 3811 πόλεων
554 3745 768 3811 emendandam
791 3747 970 3833 conjecerat,
992 3749 1100 3813 eximie
1119 3755 1222 3814 tuetur
1240 3749 1380 3816 Valesius

281 3923 282 3927 =
338 3877 342 3882 ⁴
404 3887 436 3951 in
459 3892 521 3951 not.
541 3885 693 3951 Maussaci
717 3885 754 3950 ad
779 3884 955 3973 Harpocrat.
980 3861 1006 3951 vi
1032 3885 1162 3971 δρυμός,
1187 3894 1217 3953 et
1240 3911 1276 3954 ex
1298 3889 1380 3977 frag-

404 4026 497 4102 mine,
528 4024 609 4110 quod
640 4026 778 4089 Ammon.
810 4024 953 4101 servavit,
988 4024 1056 4089 libri
1087 4026 1261 4091 Aristotelis
1291 4050 1380 4114 ergu-

404 4169 537 4228 mentum
569 4161 744 4239 sobolfecit,
776 4167 806 4226 et
828 4162 943 4227 erudite
967 4162 1136 4228 declaravit.
1165 4163 1379 4250 Nequidquam

404 4303 500 4389 igitur
528 4299 654 4365 πόλεων
686 4322 739 4387 pro
769 4299 919 4382 πολέμων
951 4301 1085 4366 Meursio
1116 4302 1240 4388 placuit,
1271 4308 1300 4367 et
1323 4303 1378 4368 ua·

405 4440 498 4506 bricio
523 4440 564 4527 ad
595 4440 665 4506 Ind.
695 4441 819 4505 Auctor.
827 4488 843 4517 ‚,
874 4440 943 4505 Jam
975 4444 1104 4504 statuere
1133 4439 1236 4518 liceat,
1269 4440 1379 4526 quibus
