3592 5400
618 542 715 586 carun·
729 542 757 586 v.
781 542 823 584 nr
838 542 1043 584 oaurrnnun
1058 541 1178 585 uernis.
1417 522 1457 585 73

338 681 568 780 γρησμῳδηθὲν·
583 692 722 780 (κὴ-βίᾳ,
737 704 767 754 et
781 697 947 754 Alexander
960 695 1203 772 Aphrodiniensis
1218 697 1254 753 de
1268 696 1329 754 iato
1345 698 1457 755 31.96=

339 804 391 865 καὶ
410 792 449 872 δὴ
469 803 520 864 καὶ
538 802 593 865 τὸν
611 811 657 882 τῷ
672 800 762 882 Λαΐῳ
784 790 911 864 δοθέντα
931 799 1064 888 ’χρησμὸν
1081 789 1347 888 παραδσχοῑιένυν,
1368 789 1405 862 δι’
1424 794 1459 864 od

338 912 422 1003 λέγει
435 913 509 1001 πρὸς
522 911 648 981 cundati
664 909 763 973 Πυθία
777 912 843 998 περὶ
857 919 913 973 τοῦ
929 911 971 999 μὴ
987 899 1050 972 δεῖν
1063 899 1317 973 παιδσσυιτῖσθαι·

543 1027 565 1078 εἴ
581 1025 629 1098 γὰρ
647 1028 768 1097 φυτεύσεις
786 1029 878 1095 παῖδα,
896 1026 1024 1078 cinnama
1040 1023 1090 1078 o‘d
1109 1026 1166 1094 φύς,
1220 1041 1227 1063 ι

544 1112 586 1165 καὶ
603 1115 649 1174 ταῖς
667 1112 710 1173 σὐς
727 1106 794 1174 οἶκος
813 1113 913 1181 βήσεται
930 1112 961 1163 δι’
974 1111 1089 1181 αἵματος,

337 1224 389 1298 qui
409 1224 480 1282 Eur.
496 1242 523 1281 v.
542 1224 579 1281 19
596 1230 625 1279 et
641 1223 681 1281 20
702 1231 778 1281 sunt.
810 1225 851 1281 Et
869 1221 1057 1281 vetustiorem
1078 1221 1167 1298 igitur
1184 1221 1307 1279 formam
1325 1222 1458 1280 hexame-

337 1341 459 1408 trosque
473 1332 520 1390 hic
534 1333 681 1403 novimus,
700 1339 730 1390 et
744 1338 860 1409 poetam
875 1351 967 1390 novae
980 1330 1091 1390 formae
1104 1339 1261 1390 auctorem.

886 1501 914 1558 7.

403 1610 536 1689 Utraque
550 1613 643 1669 forma
657 1611 733 1669 alius
748 1611 857 1669 oraculi
872 1618 988 1669 servata
1003 1618 1056 1669 cst.
1080 1609 1215 1686 Namque
1229 1610 1377 1670 Pausania
1391 1629 1457 1668 auc-

336 1734 401 1780 tore
422 1723 451 1780 4.
473 1724 502 1781 9.
525 1723 541 1780 2
558 1722 673 1792 Tisias,
692 1721 804 1780 Alcidis
824 1722 859 1791 t,
880 1729 977 1790 vates,
998 1739 1016 1776 a
1036 1720 1193 1779 Messeniis
1213 1720 1290 1779 bello
1311 1721 1458 1779 Messenio

335 1833 431 1908 primo
452 1823 585 1908 Delphos
601 1831 722 1901 missus,
738 1850 826 1906 quum
848 1838 1054 1901 reverteretur,
1076 1851 1094 1887 a
1115 1829 1356 1888 Lacedaemoniis
1377 1831 1457 1908 gravi

335 1943 457 1999 vulnere
478 1940 600 2001 affectus
623 1949 677 2000 est.
707 1922 896 1999 Moribundus
917 1940 969 1997 ille
989 1960 1052 1997 cum
1073 1941 1195 2017 Euphac
1216 1960 1297 2018 rege,
1320 1942 1457 2018 Euphaes

336 2073 386 2110 rex
402 2071 467 2109 cum
483 2052 695 2110 Messeniorum
711 2051 848 2109 concione
863 2051 918 2108 hoc
933 2050 1078 2108 oraculum
1095 2050 1329 2109 communicavit:

542 2154 631 2224 κούρην
650 2150 771 2224 ἄχραντον
790 2153 920 2224 νερτέροισι
941 2152 1052 2222 δαίμοσι,

543 2238 629 2308 κλήρῳ
647 2237 775 2308 λαχοῦσαν
794 2237 930 2306 Αἰπυτιδῶν
949 2237 990 2307 ἀφ’
1008 2238 1123 2307 αἵματος,

542 2321 686 2387 canonae
703 2323 849 2394 νυκτέροισιν
867 2322 890 2375 έν
909 2326 1023 2392 σφαγαῖς.

542 2408 571 2472 ἢν
590 2406 617 2457 δὲ
635 2407 774 2476 σφαλῆτεῐ,
794 2407 833 2458 aad
852 2408 910 2478 παρ’
929 2406 1050 2463 υἰλλυίου1
1068 2409 1124 2459 τότε

544 2490 619 2558 θέειν,
638 2492 764 2551 διδόντος3
783 2488 805 2552 ές
824 2488 921 2560 σφαγὴν
940 2488 1063 2551 ἑκουσίως.

337 2606 376 2660 At
392 2601 562 2659 Oenomaus
577 2621 624 2678 ap.
636 2603 745 2660 Euseb.
758 2621 858 2677 praep.
872 2620 915 2658 ev.
930 2601 957 2658 5.
972 2601 1021 2659 27.
1035 2602 1053 2659 4
1068 2621 1096 2676 p.
1111 2601 1167 2658 221
1183 2600 1211 2659 d.
1228 2600 1292 2678 Vig.
1306 2602 1341 2658 de
1356 2602 1457 2658 eadem

338 2733 369 2771 re
384 2715 440 2771 hoe
455 2711 542 2769 affert
556 2713 717 2770 oraculum:

543 2822 661 2893 παρθένον
679 2820 796 2874 Αἰπυτέδα
814 2823 904 2893 κλῆρος
923 2823 1004 2891 καλεῖ,
1023 2822 1106 2888 ἥντινα
1124 2822 1190 2888 δοίης

544 2907 643 2978 δαίμοσι
661 2907 798 2979 νερτερέοις,
812 2907 853 2959 καί
870 2925 910 2959 κεν
929 2907 1031 2968 σώσειας
1050 2906 1180 2978 Ἰθώμηνὶ

338 3008 416 3077 Ecce
431 3018 600 3075 hexametri.
622 3017 705 3075 Haec
719 3018 847 3095 genuina
861 3026 924 3076 erat
934 3018 1035 3077 forma.
1058 3018 1136 3077 Nam
1154 3018 1237 3093 „quis
1250 3020 1349 3077 credat
1360 3018 1456 3078 Oeno-

338 3148 435 3185 maum
441 3172 449 3198 ,
465 3128 611 3185 hominem
623 3128 838 3199 acutissimum,
854 3148 942 3205 quum
953 3129 1053 3186 dedita
1064 3148 1152 3205 opera
1162 3131 1369 3205 prophetarum
1381 3130 1458 3188 frau-

338 3240 390 3297 des
406 3245 566 3307 excuteret,
590 3240 721 3314 exemplo
737 3259 810 3297 vano
826 3247 855 3296 et
869 3240 972 3297 fictitio
987 3258 1071 3297 usum
1088 3236 1192 3297 esse?“
1217 3234 1302 3315 (Lob.
1316 3240 1381 3316 Agl.
1396 3242 1455 3298 852

338 3342 411 3425 not.)
434 3349 550 3406 lambos
572 3367 607 3405 ex
629 3350 778 3425 tragoedia
792 3350 891 3423 aliqua
906 3349 1088 3406 Aristodemo
1103 3346 1337 3406 Wachsmuthius
1353 3349 1458 3423 repetit

338 3460 369 3515 in
390 3459 503 3533 antiqq.
517 3458 620 3517 Graec.
635 3460 662 3516 2.
677 3460 694 3516 2
711 3479 739 3533 p.
753 3460 812 3516 511
831 3459 875 3515 ed.
892 3462 917 3516 l.
953 3458 1136 3531 Quamquam
1158 3448 1358 3533 argumentum
1381 3458 1457 3516 eius-

338 3568 416 3625 modi
432 3588 490 3626 non
506 3575 551 3625 est
567 3575 675 3627 notum.

884 3739 913 3796 8.

403 3847 472 3905 Alia
492 3847 624 3905 feruntur
645 3848 762 3905 oracula
782 3849 921 3918 iambica,
944 3866 1066 3922 quorum
1087 3854 1187 3906 auctor
1208 3847 1346 3905 distincte
1367 3849 1457 3907 nomi·

411 4052 419 4083 ¹
443 4050 487 4103 Sic
506 4050 676 4103 Schubartius
699 4068 747 4121 pro
770 4055 853 4121 σφαγῇ
877 4069 919 4108 re„
946 4050 974 4102 ld
997 4056 1048 4103 est:
1071 4052 1094 4103 si
1114 4052 1185 4104 illius
1206 4053 1292 4122 gentis
1313 4054 1388 4123 uirgo
1411 4072 1458 4107 vos

339 4134 452 4189 deficiat.

408 4219 419 4252 ²
442 4220 486 4271 Sic
507 4219 671 4272 Oemerarius
694 4238 740 4289 pro
764 4219 840 4271 ἀλύου
862 4222 917 4273 sive
941 4219 1048 4285 ἁλλύου,
1070 4222 1087 4273 i.
1106 4237 1128 4275 e.
1152 4222 1231 4273 etiam
1254 4223 1287 4273 ab
1310 4223 1362 4273 alio
1384 4227 1456 4290 patre

338 4305 469 4373 genitam,
488 4322 522 4356 ex
540 4306 591 4356 alia
608 4310 686 4373 gente
705 4305 849 4360 oriundam.

409 4389 420 4421 ³
443 4390 485 4440 Sic
499 4389 600 4442 Clavier
617 4407 663 4458 pro
678 4391 797 4449 διδόντας.
835 4390 957 4443 Genitam
969 4408 985 4443 a
995 4396 1081 4459 patre,
1100 4391 1145 4459 qui
1156 4391 1237 4442 filiam
1250 4394 1342 4458 sponte
1354 4389 1416 4443 det.
1432 4431 1438 4443 .

408 4474 419 4505 ⁴
442 4471 556 4523 Ἐπιτίδα
578 4474 612 4541 E,
637 4472 723 4539 καλίην
748 4492 800 4526 τινα
824 4475 897 4540 δώιης
921 4475 957 4545 A,
982 4476 1048 4545 δῴης
1071 4476 1126 4539 SV3
1153 4470 1270 4543 ἀστερίυις
1293 4472 1333 4522 καὶ
1357 4472 1456 4537 κένωσις
1551 4536 1554 4541 .

339 4557 462 4626 (κενώσεις
479 4557 512 4625 H)
531 4556 659 4626 πυλίεθρυν
677 4558 731 4613 ΑΗ,
