3592 5400
480 648 520 710 42
909 666 1019 712 αοειο.

482 903 710 919 ..........
736 860 814 937 όμεν
839 860 905 922 τῶν
930 855 964 921 δὲ
990 859 1204 941 ἐφαπτόμεθά
1224 883 1301 924 τινα
1325 863 1446 942 τρόπον

479 997 533 1058 καὶ
567 996 602 1061 ἐν
627 1001 694 1071 τοῖς
718 994 830 1070 αὐτοῖς
855 995 913 1081 οὐχ
936 994 1027 1070 ἅπαξ
1051 995 1126 1060 οὐδὲ
1151 994 1201 1070 όῖς
1224 994 1298 1060 ἀλλ’
1313 1043 1445 1058 ......

480 1181 710 1196 ..........
744 1133 901 1212 γενέσθαι
935 1140 1002 1208 τοῖς
1034 1134 1225 1216 ἀνθρώποις
1250 1133 1358 1209 δόξας.
1382 1134 1450 1200 MS.

477 1272 619 1361 supplevi
647 1259 693 1337 ὧν
718 1273 840 1353 τὰμὲν
864 1272 1059 1356 ἀποροῦμεν.
1085 1271 1148 1337 cfr.
1170 1274 1299 1338 Aristot.
1324 1272 1448 1338 Meteor.

477 1414 502 1476 Ι.
527 1415 554 1477 1.
586 1409 622 1475 ἐν
647 1404 695 1484 οἷς
720 1413 760 1474 τά
783 1411 842 1492 μὲν
867 1409 1063 1495 ἀποροῦμεν,
1089 1413 1153 1475 τῶν
1179 1408 1209 1473 δ’
1234 1411 1448 1493 ἐφαπτόμεθά

477 1573 554 1614 τινα
586 1553 717 1634 τρόπον.
750 1550 789 1614 In
812 1571 890 1634 seqq.
914 1571 968 1636 pro
990 1546 1147 1626 γενέσθαι
1167 1549 1197 1613 in
1222 1554 1337 1614 textum
1361 1551 1449 1636 posui

477 1689 630 1767 γίνεσθαι
661 1688 741 1773 quod
771 1711 888 1766 ornnes,
921 1688 1024 1767 credo,
1054 1686 1222 1776 probabunt
1252 1693 1282 1753 et
1311 1687 1448 1753 lacunam

477 1827 612 1915 supplevi
643 1825 716 1891 ἀλλ’
748 1827 919 1912 ἀπειράκις
951 1830 1008 1902 τὰς
1040 1825 1152 1901 αὐτὰς.
1178 1826 1240 1892 Ofr.
1262 1828 1390 1893 Aristot.
1413 1827 1450 1892 de

475 1965 567 2031 Coelo
597 1966 622 2031 I.
645 1968 674 2030 3.
705 1966 754 2030 fin.
786 1963 822 2029 οὐ
846 1968 907 2050 γάρ
931 1964 1040 2043 ἅπαξ,
1064 1964 1138 2030 οὐδὲ
1164 1964 1229 2041 όὶς,
1254 1963 1328 2029 ἀλλ’
1351 1965 1447 2029 ἀπει-

479 2110 571 2189 ράκις
595 2102 645 2168 όεῖ
668 2103 812 2186 νομίζειν
837 2106 894 2179 τάς
919 2103 1020 2179 αὐτὰς
1043 2105 1256 2187 ἀφικνεῖσθαι
1281 2102 1377 2178 δόξας
1403 2106 1448 2178 εἷς

478 2249 571 2325 ἡμᾶς.
605 2243 692 2308 Lieet
714 2243 792 2307 enim
815 2249 917 2308 noster
939 2241 1049 2308 librum
1074 2241 1196 2307 Meteor.
1219 2240 1334 2319 laudet,
1359 2241 1447 2307 verba

475 2383 554 2471 ipsa,
584 2405 659 2469 quae
689 2383 792 2460 refert,
823 2382 923 2469 potius
946 2405 962 2446 e
991 2380 1067 2447 libro
1097 2381 1133 2446 de
1156 2380 1247 2446 Coelo
1270 2382 1361 2469 petita
1384 2404 1450 2447 esse

476 2521 623 2587 videntur.
648 2519 720 2586 Tale
742 2520 815 2606 quid
834 2521 866 2585 in
890 2520 1014 2586 Meteor.
1037 2521 1062 2585 Ι.
1087 2523 1116 2585 3.
1138 2518 1256 2603 οὐγὰρ
1283 2518 1320 2598 δὴ
1346 2525 1447 2601 φήσο-

475 2684 534 2743 μεν
565 2657 655 2734 ἅπαξ
686 2636 853 2738 οὐόὲόόὶς,
877 2658 947 2725 οὐδ’
970 2656 1118 2738 ὀλιγάκις
1141 2660 1199 2734 τὰς
1224 2656 1324 2733 αὐτὰς
1349 2656 1446 2734 όόξας

476 2796 676 2865 ἀνακυκλεῖν
719 2797 896 2881 γενομένας
935 2798 970 2864 ἐν
1005 2804 1074 2873 τοῖς
1116 2797 1309 2883 ἀνθρώποις
1318 2845 1328 2875 ,
1371 2795 1446 2862 ἀλλ’

476 2936 657 3022 ἀπειράκις.

520 3212 597 3280 Ibid.
623 3212 691 3278 Lin.
717 3215 767 3279 17.
791 3210 947 3293 δοκοῦμεν
971 3214 1026 3275 καὶ
1042 3258 1443 3274 .................

480 3397 782 3415 .............
808 3353 825 3413 ό
848 3347 1033 3433 φιλόσοφος.
1059 3350 1126 3416 MS.
1150 3349 1257 3415 Vereio
1281 3350 1319 3415 V.
1342 3351 1377 3415 L.
1400 3352 1447 3417 Et

476 3492 552 3557 talis
581 3491 700 3576 quidem
730 3490 891 3554 εαοοιιάιιοι
922 3490 1017 3553 vitam
1030 3489 1106 3573 fuit
1125 3488 1347 3574 philosophus:
1370 3511 1447 3574 quae

476 3630 520 3695 sie
543 3629 656 3694 Graece
677 3628 821 3693 vertimus
845 3628 900 3690 καὶ
924 3636 1068 3701 τοιοῦτος
1092 3628 1151 3709 μὲν
1177 3629 1260 3690 κατὰ
1284 3630 1341 3691 τόν
1369 3627 1444 3712 βίον

475 3766 609 3846 γέγονεν
633 3770 651 3831 ό
673 3764 859 3850 φιλόσοφος.

518 4042 597 4110 Ibi&
637 4044 706 4110 Lin.
750 4047 801 4109 19.
828 4031 1012 4116 ’ἀνελέξατο
1027 4089 1135 4105 .....
1176 4020 1290 4127 ἠθικῇ.
1326 4043 1446 4109 Ineemi

475 4191 515 4267 τῇ
536 4184 608 4265 μέν.

520 4459 596 4527 Ibid.
620 4461 688 4525 Lin.
713 4463 753 4525 20
777 4464 807 4525 et
829 4480 908 4543 seqq.
931 4459 967 4521 τό
991 4460 1050 4536 τὴν
1072 4456 1286 4540 εὐδαιμονίαν
1307 4463 1385 4540 μήτε
1408 4460 1443 4523 ἐν
