3592 5400
834 512 925 555 ursus
938 513 970 552 ιι.
1402 493 1459 559 151

401 654 460 723 Ἓν
474 658 650 746 χρηστήριον
671 664 716 722 ἔτι
735 655 890 745 παραθεὶς,
912 659 984 745 ὅπερ
1003 660 1115 731 ausus]
1133 657 1268 732 Ἐκάτη1
1290 662 1460 740 πεποίηται,

337 768 548 837 καταπαύσωί
561 770 615 833 τὸν
630 771 696 857 περὶ
710 767 823 843 ταύτης
837 769 942 858 λόγον·

467 870 538 945 “Ht’
552 880 614 970 ἐγώ
629 886 689 967 εἰμι
703 880 777 967 κόρη
791 879 1055 969 πολοφοίσματοςί,
1070 882 1307 969 οὐρανοφοιτος4,

466 992 642 1078 τοιορῶττιςί,
657 989 856 1078 τρικάρηνοςό,
872 991 1000 1068 ἀπηνὴς,
1015 991 1262 1080 ιχρυσοβέλεμνος,

467 1099 566 1183 Φοίβη
581 1101 828 1189 ἀπειρολεχνίςί,
845 1102 1074 1189 φαεσίμβροτος,
1090 1100 1271 1180 Ettritum,

360 1221 432 1279 170.
466 1213 634 1299 τριστοίχον
650 1210 765 1299 φύσεως
779 1210 956 1301 σνν9εζματα
971 1214 1075 1298 τρισσαὶ
1090 1213 1248 1300 φέρονσαί·

428 1376 431 1381 .
467 1320 616 1410 αἰθέραω
630 1323 684 1412 μὲν
698 1323 853 1411 τνρόεοσιν
868 1313 1050 1410 ἐειδομένη11
1068 1313 1213 1397 εἰδώλοις,

466 1433 540 1520 ιἰέρα
554 1422 580 1495 δ’
592 1436 757 1522 ὰργεννοῖσι
771 1432 975 1521 τροχάσμασιν
990 1432 1216 1522 ἀμφικοίθτμαι·

466 1555 568 1632 γαῖαν
582 1548 662 1631 ἐμῶν
671 1543 694 1581 ¹¹
710 1543 868 1607 σιολάκιον
884 1534 1017 1632 δνοφερῷ
1032 1544 1121 1632 γένει
1135 1544 1284 1630 ἡνιοχεύοι
1293 1544 1324 1606 ¹³.

406 1647 451 1712 Οἷς
469 1651 573 1724 ἐπιλέγει
592 1650 604 1703 ὁ
624 1654 778 1722 συγγραφεὺς
797 1656 894 1722 σαφῶς,
920 1652 978 1713 τίνες
997 1651 1019 1703 οἱ
1038 1653 1171 1713 σκύλακες·
1190 1651 1227 1704 ὅτι
1246 1651 1268 1703 οἰ
1287 1653 1388 1724 πονηροὶ
1407 1653 1460 1705 δαί·

338 1766 409 1819 μονες
427 1786 432 1796 .
448 1786 474 1800 ..

338 1854 544 1863 ——-—---

338 1910 457 1961 πιαίνεται
474 1910 501 1962 iu
519 1908 612 1978 Porph.
632 1909 662 1960 de
680 1910 746 1961 abst.
765 1910 789 1963 3.
808 1911 840 1961 tl
860 1914 927 1961 extr.
946 1915 972 1959 ct
989 1909 1022 1958 12
1040 1913 1142 1964 extant,
1161 1909 1304 1975 eademque
1322 1910 1460 1961 oscitantia

338 1995 516 2050 Theodoretus
528 1995 670 2046 Eusebium
688 1995 713 2046 h.
729 1997 746 2048 l.
765 1981 916 2062 exscripsit,
935 2011 1013 2061 quani
1031 2010 1110 2061 supra
1127 2011 1153 2061 p.
1171 1992 1217 2043 118
1236 1992 1459 2061 deprehendimus,

407 2082 415 2112 ¹
436 2085 465 2148 τῇ
483 2078 556 2148 ἓκάτη
575 2081 604 2133 n
633 2080 722 2132 Potest
744 2079 808 2133 haec
831 2081 947 2149 genuina
970 2096 1026 2130 esse
1045 2080 1134 2140 lectio,
1153 2078 1294 2129 dummodo
1317 2078 1377 2147 αὐτῇ
1396 2096 1460 2146 quo-

339 2183 388 2237 que
407 2166 544 2217 scribatur.

407 2251 418 2284 ¹
436 2251 479 2303 Sic
491 2250 582 2302 AHBG
594 2268 640 2319 pro
656 2251 814 2304 καταπαύσει,
845 2251 1003 2320 Disputabat
1013 2248 1170 2318 Porphyrius
1189 2250 1220 2302 de
1238 2249 1349 2302 Hecatae
1368 2255 1461 2301 natura

339 2344 364 2390 et
381 2337 452 2406 quod
470 2338 497 2388 in
515 2337 655 2389 daemones
674 2343 807 2389 exerceret
824 2338 942 2405 irnperio.
977 2337 1060 2388 liuius
1083 2337 1267 2404 disputationis
1289 2352 1357 2387 nunc
1379 2335 1460 2386 finem

339 2423 408 2475 facit.
440 2421 499 2474 Non
512 2423 641 2490 sequitur,
660 2429 687 2475 ut
701 2424 802 2474 nulium
815 2421 921 2490 posthac
933 2422 1047 2474 liocutae
1060 2423 1194 2473 oracutum
1209 2421 1337 2483 attulerit,
1354 2420 1376 2472 si
1393 2420 1460 2472 forte

339 2509 405 2560 aliae
425 2507 553 2575 quaedam
576 2524 616 2560 res
639 2509 675 2558 ita
697 2508 868 2559 demonstrari
891 2524 968 2575 posse
993 2506 1147 2557 riderentur.
1184 2505 1273 2572 ltaque
1292 2506 1460 2557 veritus'uon

339 2610 396 2646 suru
415 2594 515 2661 aliquot
533 2592 595 2644 deae
614 2591 692 2644 effata
710 2593 743 2643 ad
761 2593 916 2660 posteriores
936 2591 1061 2642 librorum
1079 2596 1165 2659 partes
1184 2589 1297 2643 reiicere.

407 2678 491 2730 ³Hoc
509 2679 665 2732 vocabulum
683 2679 748 2730 alias
767 2677 819 2745 legi
838 2694 890 2729 uon
909 2675 1018 2729 ridetur.

407 2764 417 2798 ⁴
435 2763 509 2816 Philo
527 2765 581 2817 Iud.
600 2762 833 2833 μ962ι111οιιιαίζ
853 2761 881 2814 το
901 2766 944 2813 τοῦ
963 2760 1039 2831 πυρος
1058 2760 1243 2830 οὖρανόφοιτον.

408 2849 418 2880 ⁵
437 2849 542 2903 Cornua
559 2852 637 2902 lunae
658 2850 848 2917 significantur.

407 2936 541 3005 6Τιίσορε
563 2936 659 2988 Hecate
686 2953 737 2988 uno
765 2952 871 3004 corpore
895 2950 912 2988 a
935 2933 1120 2987 vetustioribus
1143 2933 1296 3003 praesertim
1320 2931 1459 2984 Alcumena

338 3021 483 3075 artificibus
500 3020 567 3089 fingi
587 3022 695 3073 solebat.

407 3106 417 3140 ⁷
437 3105 481 3158 Sic
499 3122 580 3174 quum
592 3106 677 3157 Diana
695 3111 829 3158 vocaretur
847 3107 880 3158 ab
893 3104 1023 3175 Aristoph.
1036 3106 1141 3158 Thesm.
1158 3105 1212 3168 119,
1232 3103 1398 3156 coniecerunt
1412 3120 1459 3173 pro

339 3190 512 3260 ἀπειροτεχνης
532 3192 641 3260 Vigerus
660 3197 686 3243 et
703 3192 766 3245 Lob.
786 3192 845 3259 ngr.
860 3191 918 3244 225.

408 3279 418 3312 ⁸
438 3276 471 3328 Ut
488 3276 571 3328 Diana
588 3277 689 3329 Lucina
711 3293 727 3328 a
744 3277 882 3339 Romanis,
905 3277 943 3327 ita
963 3293 979 3328 a
998 3275 1104 3326 Graecis
1123 3271 1235 3341 Ἄρτεμις
1255 3272 1375 3323 Εἰλείθυια
1393 3273 1459 3324 cole·

338 3364 423 3416 batur.
454 3361 492 3414 Gt.
505 3361 592 3413 iacobi
609 3363 660 3414 lex.
674 3362 782 3431 nrythoi.
800 3379 825 3430 p.
839 3362 901 3423 201,
920 3366 973 3411 not.
986 3358 1012 3409 2.
1044 3359 1116 3409 Adde
1139 3358 1216 3409 inscr.
1234 3355 1460 3408 Chaeronecnscrn

342 3448 405 3501 1596
429 3453 455 3498 et
476 3446 540 3498 1597
558 3446 707 3515 (Boeckh.);
727 3445 844 3515 Ἄρταμις
867 3443 1000 3511 Etis-Itos,
1021 3443 1086 3495 1595
1108 3438 1227 3511 ἰλρῖαμις
1252 3440 1371 3507 σοωδίνα,
1390 3441 1459 3492 wel-

339 3533 408 3587 ckcri
427 3533 553 3602 opuscula
570 3532 586 3584 3
604 3550 629 3601 p.
644 3532 691 3584 181
707 3550 764 3601 sqq.

356 3626 357 3629 ’
407 3620 418 3652 ⁹
437 3618 491 3670 Ioh.
509 3617 597 3685 Lydus
616 3618 646 3669 de
664 3635 746 3670 mens
760 3617 784 3669 3.
796 3617 820 3670 4.
835 3616 850 3667 7
868 3634 893 3685 p.
906 3615 939 3666 34
952 3612 1065 3666 Sobora:
1085 3613 1158 3680 τριῶν
1177 3606 1223 3679 γὰρ
1243 3605 1301 3660 εἶναι
1318 3608 1459 3678 λεγομένοιν

339 3709 388 3757 τῶν
407 3708 449 3770 τῆς
468 3702 569 3767 σελήνης
593 3704 706 3773 δρόμων,
730 3699 809 3769 ὀξέος,
835 3701 910 3770 μέσον
932 3700 972 3750 καί
995 3698 1130 3767 ἀνειμένου,
1153 3696 1184 3746 δι’
1207 3695 1248 3754 οὓς
1271 3695 1310 3746 καί
1334 3696 1459 3763 Τριοόἷτιν

339 3791 381 3857 τὴν
395 3788 514 3855 Ἑκάτην,
534 3787 604 3839 οἷονεί
623 3787 665 3853 τὴν
679 3788 792 3855 σελήνην,
813 3785 834 3837 οἰ
853 3786 951 3850 τοιηταί
964 3783 1054 3853 ἰΟῐΡίι.
1067 3785 1098 3835 t'r.
1111 3782 1156 3849 311
1169 3780 1273 3832 καλοῦσι
1287 3821 1292 3831 .
1307 3820 1312 3831 .
1326 3780 1459 3850 τρίμορφος

338 3876 386 3946 γὰρ
404 3861 540 3941 ἠΣελήνη,
560 3871 626 3932 ὅπως
645 3873 685 3923 καί
704 3874 751 3940 (sic
770 3873 861 3940 scripsi
873 3889 920 3940 pro
935 3870 974 3920 καί
993 3868 1071 3936 ὅπως)
1090 3866 1116 3918 ἐν.
1134 3871 1178 3918 τοῦ
1192 3870 1307 3936 χρησμοῦ
1321 3865 1458 3935 γνωστέον·

338 3961 377 4026 ἥδ’
396 3958 448 4028 ἐγώ
460 3957 507 4027 εἰμι
519 3988 553 3997 -—
565 3958 614 4027 τρὶς
628 3956 776 4028 ἀφαιροῦσαι
795 3959 832 4009 ita
844 3957 915 4008 enim
927 3956 1017 4007 scribit
1028 3970 1074 4023 pro
1088 3952 1174 4024 τρισσὰ
1187 3952 1306 4021 φέρουσα
1325 3957 1460 4021 praeterea

338 4044 483 4114 ταυρώπης,
502 4042 674 4114 ἀπειροτέχνη,
694 4042 813 4109 εἰλήθυια,
832 4040 967 4110 τριστίχου.
1157 4103 1161 4113 Ι

397 4131 420 4164 ¹⁰
438 4129 537 4198 Scripsi
556 4128 638 4198 αἰθέρα
655 4147 702 4198 pro
716 4126 803 4195 αἰθέρι,
822 4132 852 4178 ut
870 4127 903 4178 ab
922 4123 1038 4195 ἀμφικὰθ.
1054 4125 1171 4196 pendeat.
1190 4125 1230 4177 Ad
1247 4124 1378 4178 aetherem
1396 4138 1459 4190 quo·

339 4234 390 4286 que
407 4215 523 4268 Hecaten
541 4214 626 4267 efferri
642 4233 667 4284 p.
684 4214 730 4265 122
748 4218 801 4265 not.
818 4212 847 4265 12
867 4212 976 4265 ostendi.

397 4303 418 4334 ¹¹
439 4297 549 4369 εἰδομένη
570 4301 600 4353 Α.
641 4313 643 4319 “

397 4387 420 4420 ¹¹
439 4385 483 4437 Sic
500 4402 546 4453 pro
565 4389 625 4453 γαῖα
643 4385 665 4435 δ’
684 4382 749 4453 ἐμῶν
768 4385 834 4435 coni.
854 4384 977 4453 t'igerus3
997 4382 1091 4452 δαίμων
1108 4399 1155 4451 pro
1174 4381 1196 4431 δ’
1214 4377 1280 4448 ἐμῶν
1298 4377 1352 4430 ΑΗ.

397 4472 420 4505 ¹³
439 4470 483 4523 Sic
500 4471 593 4539 scripsi
610 4488 656 4540 pro
676 4471 799 4540 δνοφερῶν
812 4469 881 4538 γένος
900 4469 1030 4538 ἣνιοχειίει,
1049 4468 1111 4536 quia
1122 4466 1169 4521 ΑΙΙ
1185 4463 1305 4534 europus
1323 4461 1458 4531 praebent.

336 4559 451 4629 ,Vigerus
470 4558 615 4627 coniecerat
633 4553 750 4627 δνοφερὸν
769 4554 838 4625 γένος
856 4553 984 4624 ἡνιοχεύει.
