3592 5400
835 663 946 711 nonan.
1336 648 1378 710 49

440 853 518 919 Ibid.
549 854 619 919 Lin.
651 857 703 919 16.
736 856 793 917 καὶ
823 855 885 939 γὰρ
917 856 968 918 ὅτι
993 855 1029 918 τὸ
1050 853 1199 919 καθόλου
1224 854 1282 918 οὐκ
1307 854 1377 918 ἔστι

395 1019 425 1061 κ.
449 1019 478 1061 τ.
503 997 528 1059 ἕ.
553 993 634 1058 Vide
657 993 785 1060 Aristot.
810 994 847 1059 de
870 995 971 1059 animo
994 994 1019 1059 I.
1043 997 1071 1059 1.
1096 992 1253 1059 σκεπτέον
1277 998 1378 1059 πότε-

395 1158 453 1218 ρον
484 1131 633 1215 ὁμοειδὴς
663 1135 776 1197 ἅπασα
809 1138 919 1219 ψυχὴ,
950 1140 971 1215 η’“
1006 1134 1053 1199 οὔ.
1079 1136 1205 1199 -νῦν
1229 1136 1289 1216 μὲν
1314 1136 1375 1219 γὰρ

396 1272 428 1336 οῖ
464 1269 616 1350 λέγοντες
652 1274 707 1335 καὶ
741 1270 915 1355 ζητοῦντες
946 1274 1019 1357 περὶ
1054 1280 1183 1357 ψυχῆς,
1215 1274 1288 1357 περὶ
1320 1280 1375 1354 τῆς

394 1410 610 1497 ἀνθρωπίνης
641 1414 742 1496 μόνης
775 1412 923 1478 ἐοίκασιν
949 1410 1151 1476 ἐπισκοπεῖν·
1176 1410 1377 1499 εὐλαβητέον

395 1548 426 1613 δ’
461 1550 547 1625 ὅπως
581 1555 623 1632 μὴ
659 1547 815 1637 λανθάνῃ
851 1555 989 1636 πότερον
1023 1543 1069 1625 εἷς
1101 1553 1119 1613 c‘
1150 1549 1245 1629 λόγος
1277 1552 1376 1634 αὐτῆς

395 1690 480 1769 ἐστὶ,
514 1694 666 1775 καθάπερ
701 1690 799 1775 ζῴον,
832 1698 853 1773 ἤ
882 1697 963 1754 καθ’
987 1688 1127 1755 ἕκαστον
1152 1688 1279 1777 ἕτερος,
1305 1686 1375 1757 οἷον

393 1829 516 1909 ἳππων,
541 1833 638 1904 κυνὸς
647 1878 657 1909 ,
683 1829 885 1916 ἀνθρώπου,
910 1833 1000 1894 θεοῦ·
1022 1833 1059 1894 τὸ
1084 1827 1119 1894 δὲ
1141 1828 1226 1914 ζῴον
1251 1834 1287 1895 τὸ
1312 1856 1374 1895 κα-

394 1968 499 2033 θόλοο
529 1973 601 2050 ἤτοι
635 1968 737 2035 οὐθέν
773 1972 862 2036 ἐστιν
893 1971 1085 2056 doloreque·
1109 1971 1226 2053 ὁμοίως
1250 1969 1284 2034 δὲ
1310 1974 1374 2037 κᾶν

394 2108 424 2174 εἴ
446 2135 478 2173 τι
503 2109 616 2175 κοινὸν
640 2107 723 2174 ἄλλο
748 2116 976 2195 κατηγοροῖτο
1002 2110 1050 2174 ἔτι
1076 2110 1106 2174 d'
1132 2112 1160 2175 εἴ
1182 2114 1224 2192 μὴ
1250 2109 1371 2175 πολλαὶ

394 2251 500 2334 ψυχαὶ
536 2255 592 2316 eto.
626 2250 717 2316 Unde
747 2250 892 2316 discimus
923 2273 1065 2337 quaenam
1098 2250 1161 2316 sint
1199 2250 1373 2317 Aristotelis

393 2389 481 2456 verba
504 2413 520 2456 a
550 2389 714 2478 biographo
745 2391 852 2468 citata,
883 2389 993 2476 quibua
1021 2412 1105 2455 suam
1127 2389 1213 2456 addit
1236 2388 1370 2458 observa·

392 2532 504 2599 tionem
527 2531 599 2597 inde
620 2554 638 2596 a
661 2530 758 2599 vorbis
782 2530 905 2614 α’σαφὲς
929 2556 958 2597 κ.
983 2555 1012 2596 τ.
1037 2533 1062 2597 ἑ.

786 2853 984 2860 ———.

438 3092 517 3159 Mihi
548 3114 629 3158 nnnc
660 3096 753 3157 restat
776 3097 811 3158 ut
834 3114 928 3179 pauca
952 3092 988 3157 de
1011 3091 1159 3158 Versione
1183 3091 1291 3157 Vetere
1313 3090 1372 3156 La-

366 3189 373 3198 ι
393 3232 457 3297 tina
479 3232 594 3311 dicam,
616 3232 787 3320 praesertim
811 3254 905 3317 quum
929 3230 985 3297 sub
1008 3232 1098 3297 finem
1122 3232 1240 3296 demum
1261 3231 1372 3318 peracti

359 3363 362 3367 ’
391 3370 501 3436 laboris
525 3371 689 3459 contigerit
710 3370 785 3436 mihi
807 3372 905 3459 legere
928 3371 961 3438 P.
984 3370 1016 3436 J.
1038 3371 1192 3436 Nnnnesii
1215 3370 1371 3435 Valentini

391 3510 519 3589 librum,
543 3533 603 3597 quo
626 3511 798 3577 continetur
821 3512 883 3578 vita
906 3510 1080 3576 Aristotelis
1102 3509 1369 3598 Peripateticorum

392 3651 536 3738 principis
566 3672 618 3738 per
647 3651 843 3716 Ammonium
870 3673 923 3715 seu
953 3649 1172 3738 Philoponum,
1197 3649 1298 3715 addita
1321 3672 1370 3715 vc·

391 3796 455 3856 tere
476 3790 721 3877 interpretatione
743 3790 852 3856 Latina
875 3789 966 3877 longe
985 3790 1119 3856 auctiore
1138 3811 1220 3855 nnnc
1241 3790 1370 3877 primum

392 3952 428 3994 ex
460 3928 527 3994 MS.
558 3929 638 3995 edita
670 3928 817 4016 Lugduni
850 3927 956 3994 Batai.
991 3952 1035 4016 ap.
1068 3928 1177 3993 Joann.
1209 3928 1373 4015 Diephorst

392 4090 470 4134 anno
495 4072 590 4135 1621.
614 4107 658 4118 -
681 4068 862 4135 Nunnesins
885 4091 952 4156 pag.
973 4074 1014 4134 29
1032 4068 1123 4155 hujus
1138 4068 1229 4134 libri:
1248 4068 1372 4154 “Hujus

395 4210 465 4295 (vet.
496 4208 643 4294 translat.)
677 4231 731 4274 nos
754 4208 904 4296 exemplar
926 4213 1045 4275 tantum
1068 4210 1192 4275 unicum
1215 4209 1297 4273 nacti
1321 4230 1371 4272 au-

380 4313 474 4426 ¹mus,
506 4354 536 4415 et
567 4348 681 4434 aliquot
711 4348 786 4414 locis
818 4349 891 4414 satia
924 4348 1134 4437 depravatum,
1159 4354 1189 4413 et
1212 4347 1371 4432 aliquando

393 4490 550 4556 mutilum:
581 4489 751 4556 curavimus
781 4494 898 4568 tamen,
931 4494 966 4554 ut
994 4488 1163 4576 potuimus,
1186 4487 1262 4553 illud
1285 4486 1370 4554 resti-

1224 4625 1238 4664 d
