3592 5400
386 487 426 552 18
601 505 698 559 carun
711 505 744 548 11.
766 504 809 547 nn
823 503 981 547 nmnounu
995 503 1105 546 rouen.
1121 501 1275 546 ramosa.

385 667 537 740 praeterea
550 661 586 718 de
600 661 656 717 hoc
669 659 786 716 homine
800 657 941 717 innotuit:
963 676 1030 714 nam
1050 657 1126 715 alius
1141 657 1206 715 sine
1220 656 1308 714 dubio
1322 657 1358 714 A.
1374 656 1502 714 Alexan·

385 772 487 830 drinus
513 777 572 840 est,
600 769 831 828 Laodicenorum
851 769 888 825 ab
910 787 937 826 a.
956 768 1017 826 270
1036 785 1128 842 usque
1150 767 1187 824 ad
1207 787 1235 824 a.
1254 767 1314 825 287
1336 765 1502 842 episcopus,

385 881 436 956 qui
449 887 537 939 antea
550 879 667 954 quidem
681 879 896 955 philosophiam
916 877 1136 954 peripateticam
1152 855 1346 936 Alexandriae
1365 875 1504 955 docuerat

386 999 415 1049 et
428 988 592 1050 Platonicis
608 1007 722 1063 quoque
736 995 873 1065 acceptus
887 988 957 1058 fuit,
973 988 1117 1063 siquidem
1132 987 1195 1046 eius
1210 987 1294 1046 libris
1309 987 1409 1044 decem
1422 976 1504 1066 ἀριθ-

386 1103 520 1186 μητικῶν
540 1098 719 1158 lamblichus
741 1099 772 1156 in
798 1098 1030 1176 theologumenis
1057 1116 1128 1157 usna
1156 1105 1216 1170 est3
1240 1097 1317 1155 alius
1338 1095 1504 1154 deanius

384 1209 540 1270 Anatolius
554 1209 741 1284 Berytensis,
764 1208 815 1283 qui
830 1202 1008 1292 συναγωγήν
1022 1211 1195 1292 γεωργικῶν
1210 1208 1309 1265 decem
1328 1204 1413 1265 libris
1433 1205 1504 1263 scri-

385 1321 460 1397 psit,
476 1327 642 1395 excerptam
655 1337 674 1375 a
688 1318 794 1377 Photio
812 1318 883 1377 bibl.
900 1318 962 1376 eod.
978 1319 1052 1387 163,
1073 1319 1104 1375 in
1121 1317 1313 1394 Geoponicis,
1334 1317 1365 1373 in
1379 1314 1504 1391 Hippia-

386 1430 482 1501 tn‘cis,
498 1428 591 1503 etqui
607 1448 626 1486 a
639 1428 810 1486 Rendtorfio
823 1445 854 1486 π.
868 1431 930 1485 τῶν
945 1421 1026 1484 κατά
1041 1418 1234 1485 ἀντιπάθειαν
1249 1422 1307 1483 καὶ»
1316 1417 1504 1508 συμπάθειαν

387 1546 597 1599 commentatus
612 1557 679 1596 esse
693 1546 838 1596 censetur.
867 1537 965 1596 Huius
985 1537 1079 1596 libelli
1098 1538 1137 1595 ad
1152 1535 1273 1597 Sextum
1292 1535 1438 1611 quendam
1459 1535 1504 1592 in-

387 1649 489 1726 scripti
503 1655 616 1724 partem
631 1647 818 1725 superstitem
832 1647 985 1707 Fabricius
1000 1648 1091 1705 edidit
1104 1647 1136 1717 in
1150 1647 1221 1706 bibl.
1235 1646 1288 1706 Gr.
1300 1648 1434 1722 tom.4p.
1443 1645 1504 1704 295

387 1759 432 1817 ed.
448 1762 479 1829 l,
501 1758 599 1818 omisit
618 1757 751 1817 Harless.
781 1759 822 1816 At
846 1758 878 1815 in
904 1756 1003 1816 codice
1027 1777 1085 1816 non
1105 1749 1280 1814 Ἀνατολίου
1305 1756 1427 1833 legitur,
1453 1755 1506 1813 sed

387 1861 590 1942 Νεπουαλίου,
613 1870 690 1943 quod
704 1867 857 1927 Rendtorl.
878 1867 944 1945 ipse
958 1867 1046 1925 etiam
1061 1859 1240 1932 Ἀπουληίου
1255 1865 1404 1924 emendari
1418 1882 1507 1942 posse

387 1978 540 2037 intellexit.
569 1976 617 2037 Ne
635 1978 687 2036 alii
701 1978 818 2053 quidem
833 1977 964 2036 Anatolii
979 1978 1036 2037 hue
1049 1977 1162 2035 faciunt
1180 1996 1199 2035 a
1212 1976 1348 2048 Fabricio
1363 1975 1435 2034 bibl.
1452 1975 1504 2035 Gr.

389 2090 417 2149 5.
433 2093 459 2150 1.
474 2090 523 2148 32.
539 2089 577 2147 15
593 2088 763 2146 enumerati.

452 2199 567 2273 Quibus
582 2198 717 2257 omnibus
731 2198 831 2256 missia
846 2197 1042 2274 Porphyrium
1056 2198 1115 2254 iam
1134 2196 1232 2274 ipsum
1252 2197 1448 2257 consulamus.
1476 2195 1506 2253 Is

387 2309 477 2386 igitur
502 2308 540 2367 ad
560 2307 728 2366 Anatolium
753 2326 837 2366 suum
857 2307 994 2366 eomodo
1014 2307 1099 2376 dicit,
1127 2314 1160 2364 ut
1182 2308 1245 2365 fere
1264 2314 1419 2384 appareat,
1446 2325 1507 2363 rem

387 2417 606 2496 grammaticam
626 2437 691 2476 eum
706 2416 843 2477 Anatolio
862 2415 1029 2477 tradidisse.
1057 2419 1120 2494 Age
1140 2417 1219 2475 enim
1237 2418 1390 2476 audiamus
1412 2417 1507 2492 ipsam

388 2528 612 2605 praefationem:
627 2514 755 2598 ἠξίωσας
770 2517 942 2612 ἀναγράψαι
958 2543 996 2611 με
1010 2521 1052 2585 τά
1065 2518 1212 2609 λεχθέντα
1233 2511 1310 2611 μηδὲ
1324 2511 1507 2584 θιαπεσθντα

389 2637 482 2697 ἐᾶσαι
509 2630 564 2706 Μή
580 2629 621 2697 ὧν
636 2622 670 2696 di
685 2627 745 2709 οἷός
758 2655 794 2696 τε
808 2632 881 2721 πρὸς
894 2632 950 2708 τοὶς
965 2632 1018 2722 σάς
1033 2618 1148 2709 δεήσεις
1161 2631 1357 2717 ἀποβλέπειν,
1384 2621 1403 2694 θ
1411 2631 1448 2694 ιά
1468 2629 1507 2693 σὲ

389 2746 454 2807 καί
486 2744 577 2818 τοὺς
611 2740 755 2818 ἀλλους
783 2739 956 2832 Ὀμήρου
988 2744 1156 2832 ἐραστὰς
1187 2744 1367 2832 πειράσομαι
1399 2741 1447 2807 τά·
1471 2764 1507 2805 τε

389 2851 515 2943 ῥηθέντα
536 2852 611 2917 ποτὲ
630 2857 809 2943 ἀνενεγκεῖν,
828 2856 870 2917 τά
888 2876 925 2916 τε
944 2852 1035 2918 πάλιν
1054 2853 1245 2918 ὑποπεσόντα
1258 2851 1430 2942 προσθεῖναι
1444 2902 1451 2916 .
1463 2901 1470 2915 .
1482 2901 1506 2915 ..

389 2961 487 3037 Αὐτθς
502 2952 535 3026 hd
549 2962 676 3039 ἕκαστος
691 2962 775 3048 (adde
790 2960 868 3049 καθ’)
889 2964 997 3026 ἑαυτὸν
1012 2965 1173 3053 ἀνακρίνων
1193 2961 1355 3043 εὐθυνέτω,
1375 2964 1442 3051 πρὶν
1461 2962 1507 3050 ὑφ’

388 3077 474 3162 ήμῶν
487 3069 654 3161 ἐπαχθῆναι
667 3072 723 3145 τήν
737 3064 885 3163 ἐξήγησιν,
899 3074 987 3138 ποίαν
1001 3076 1067 3163 περὶ
1080 3084 1142 3138 τῶν
1160 3073 1412 3164 προβαλλομένων
1430 3078 1507 3138 ἐπῶν

390 3180 452 3271 εἶχε
466 3183 522 3254 τήν
537 3172 676 3247 διάνοιαν.
699 3176 743 3247 Ἢ
757 3183 815 3273 γάρ
834 3184 936 3247 ταύτά
954 3184 1041 3274 γνοὺς
1061 3188 1140 3274 ήμᾶς
1156 3184 1300 3275 λέγοντας
1316 3186 1439 3269 βεβαίαν
1452 3183 1508 3255 τήν

388 3318 418 3358 π.
429 3318 456 3357 τ.
477 3292 643 3365 νοήθέντων
662 3285 723 3369 ἕξει
743 3295 848 3383 κρίσιν,
868 3290 888 3365 ή
908 3295 1116 3384 σφαλλόμενος
1136 3295 1355 3385 μεταβήσεται,
1375 3300 1454 3383 ἡμᾶς
1473 3316 1507 3358 τε

372 3404 488 3476 dulcet
506 3403 717 3494 πλανωμένους
737 3393 908 3493 θιορθώσας.
931 3410 1003 3488 Gap.
1021 3414 1050 3472 8.
1079 3395 1180 3469 Οὐθὲν
1201 3394 1234 3469 di
1253 3416 1365 3495 χεῖρον,
1385 3406 1508 3469 καὶτὸν

389 3505 553 3603 Ήριίθοτον
568 3516 703 3604 ριλοῦντί
716 3538 777 3595 σοι,
797 3516 853 3588 τήν
874 3525 974 3580 πᾶσαν
992 3524 1048 3579 τοῦ
1068 3506 1174 3605 ἀνθρθς
1188 3517 1385 3601 (Philemonis
1400 3520 1508 3591 ἐντοῖς

389 3626 563 3715 συμμίκτοις
578 3628 644 3716 περὶ
658 3616 823 3715 Ἡροθότου
839 3616 1045 3716 θιορθοίματος
1058 3634 1198 3693 adversus
1210 3633 1407 3692 Alexandrum
1421 3632 1508 3709 Coty-

388 3736 541 3820 aeensem)
564 3732 736 3827 ἀναγράψαι
756 3728 886 3812 ζήτησιν.
918 3743 978 3802 Hic
996 3743 1129 3821 magistri
1148 3745 1186 3801 ad
1205 3743 1380 3820 discipulum
1402 3762 1506 3803 sermo.

391 3850 484 3910 Simul
498 3853 716 3911 modestissima
729 3853 782 3910 illa
795 3854 985 3930 praelationis
1000 3856 1088 3912 verba
1103 3874 1161 3912 non
1178 3854 1336 3925 seniorem,
1353 3855 1405 3922 sed
1416 3849 1507 3912 iunic-

389 3981 451 4019 rem
470 3962 606 4039 produnt.
635 3962 798 4021 Athenione
816 3964 906 4041 igitur
919 3964 1089 4025 Anatolium
1108 3964 1255 4024 instituit?
1274 3996 1316 4005 —
1337 3968 1380 4023 At
1396 3964 1508 4024 Romae

390 4071 560 4130 Anatolium
574 4072 751 4132 lamblichus
772 4073 897 4146 audivit,
919 4082 949 4133 et
968 4074 1056 4135 nimis
1070 4082 1172 4154 argute
1188 4075 1414 4153 excogitaretur,
1436 4076 1507 4134 Por-

389 4182 485 4259 phyrii
500 4183 594 4240 instar
604 4182 772 4242 Anatolium
784 4201 900 4259 quoque
910 4185 1035 4244 Athenis
1046 4186 1170 4245 Romam
1181 4186 1338 4265 migrasse:
1354 4187 1507 4245 comitatus

390 4300 469 4350 certe
482 4294 677 4370 Porphyrium
692 4313 750 4351 non
766 4302 824 4363 est,
845 4294 958 4369 quivit.
970 4296 1047 4354 Plot.
1061 4298 1091 4355 4.
1107 4300 1134 4355 1.
1150 4316 1239 4354 unum
1254 4297 1415 4356 Antonium
1429 4298 1507 4355 Rho·

390 4403 469 4461 dium
481 4404 611 4480 appellat
622 4403 764 4464 comitem.
784 4405 896 4463 Romae
907 4405 996 4484 igitur
1005 4408 1043 4464 ab
1054 4408 1191 4466 Anatolio
1202 4401 1384 4480 audiebatur,
1397 4406 1508 4466 Romae

391 4514 418 4570 ei
441 4516 627 4588 quaestiones
655 4515 814 4593 inscripsit.
842 4552 878 4559 -
904 4515 983 4591 Quid
1005 4518 1091 4576 vero?
1126 4518 1355 4577 Iambhchumne
1378 4518 1508 4577 Anatolii
