3592 5400
643 540 739 582 cnrur
754 541 774 582 1.
797 538 868 580 vrrs
881 537 1053 587 ronrnrnn.
1367 515 1404 577 11

289 704 319 754 et
332 695 531 753 familiaritate
545 694 711 770 perdecem
727 711 820 751 annos
835 711 907 751 usus
922 698 982 762 est,
1004 691 1062 748 nisi
1077 690 1154 766 quod
1174 691 1252 748 intra
1265 690 1321 748 hoc
1335 696 1407 749 tem·

288 807 368 883 poris
383 806 510 881 spatium
525 805 669 862 interdum
692 805 808 862 domum
822 804 936 862 videtur
951 795 1133 861 revertisse¹.
1157 799 1296 878 Triginta
1314 818 1407 859 annos

288 924 387 987 natus,
404 917 566 992 posteriore
580 916 648 972 anni
662 916 721 974 262
738 922 837 992 parte,
852 916 977 973 Romam
991 913 1030 971 ad
1040 913 1189 970 Plotinum
1205 931 1237 972 se
1256 904 1407 982 contulit²,

288 1027 484 1105 quamprimo
500 1021 734 1102 nonprobavit³,
757 1034 913 1102 postquam
932 1032 1030 1082 autem
1049 1024 1137 1100 plane
1157 1023 1314 1094 intellexit,
1335 1023 1408 1081 adeo

288 1137 405 1208 dilexit,
427 1146 459 1195 ut
473 1145 565 1197 totum
580 1137 607 1194 ei
623 1156 654 1196 se
669 1138 797 1195 dederet.
826 1139 870 1196 Ac
890 1143 989 1195 mutuo
1009 1154 1107 1193 amore
1121 1134 1241 1193 maximi
1256 1155 1275 1192 a
1288 1134 1408 1193 Plotino

289 1248 406 1307 habitus
422 1242 494 1319 est4,
527 1256 557 1306 et
571 1249 647 1305 tanti
662 1248 792 1324 quidem,
813 1255 845 1304 ut
866 1247 955 1305 etiam
970 1247 1062 1306 libros
1082 1246 1204 1323 abipso
1228 1245 1407 1321 conscriptos

288 1360 458 1430 emendare,
480 1368 590 1417 certum
605 1359 636 1416 in
651 1359 781 1416 ordinem
797 1359 943 1436 redigere,
965 1358 1051 1416 edere
1065 1350 1240 1416 iuberetur⁵.
1271 1355 1409 1433 Quinque

288 1489 381 1529 annos
396 1477 425 1528 et
440 1470 590 1527 dimidium
606 1488 670 1527 oum
686 1488 719 1527 eo
734 1461 885 1528 νοιιοαιιιε2
899 1468 1081 1545 Porphyrius
1096 1468 1215 1539 ductus,
1230 1474 1264 1524 nt
1277 1467 1333 1527 sibi
1345 1466 1408 1543 qui·

289 1581 355 1638 dem
377 1581 543 1653 ridebatur,
566 1580 695 1656 eorporis
718 1580 786 1648 odio
806 1598 840 1637 ac
861 1579 993 1637 veritatis
1015 1582 1070 1646 τῆς
1092 1571 1230 1636 ἐπέκεινα
1251 1577 1409 1636 intuendae

358 1777 398 1829 Ne
416 1777 536 1846 Origenis
553 1777 681 1829 Platonici
704 1777 808 1846 quidem
831 1776 933 1828 nomini
955 1774 1004 1827 hoo
1027 1775 1055 1827 in
1078 1775 1122 1828 vit.
1139 1775 1205 1840 Plot.
1224 1791 1281 1844 cap,
1294 1775 1326 1827 14
1343 1780 1409 1829 extr.

289 1862 390 1914 adiecit.
419 1862 471 1914 Ubi
487 1878 547 1914 eum
559 1862 654 1914 Plotini
673 1863 803 1930 quondam
821 1859 918 1913 scholis
930 1860 1029 1912 Romae
1046 1860 1217 1912 intervenisse
1235 1864 1334 1924 narrat3
1351 1859 1409 1912 Plo-

288 1949 387 2011 tinum,
400 1947 509 1999 simulac
522 1948 715 2016 conspexisset,
731 1945 1068 2010 conticuisse,'ne·doctum
1081 1944 1192 1998 doceret.
1216 1945 1306 2014 Itaque
1320 1961 1409 2014 quam·

290 2049 369 2100 quam
395 2032 461 2084 vidit
485 2031 644 2101 Porphyrius
668 2032 820 2100 Origenem,
849 2041 903 2082 non
925 2029 1100 2082 Alexandriae
1129 2030 1206 2094 vidit,
1234 2030 1279 2082 sed
1301 2031 1408 2082 Romae.

290 2116 357 2179 Quid
376 2134 451 2181 vero,
470 2117 539 2185 quod
557 2117 657 2186 Eunap.
670 2119 714 2168 vit.
725 2115 820 2186 Porph,
832 2132 857 2184 p.
870 2115 901 2166 17
920 2114 927 2181 (
931 2132 956 2183 p.
971 2114 1029 2166 457.
1045 2114 1076 2166 10
1088 2114 1127 2168 ed.
1141 2114 1262 2169 Boisson.
1276 2115 1323 2183 ny:
1342 2115 1409 2184 Συμ-

290 2202 402 2271 φοιτηταλ
420 2200 463 2270 μὲν
482 2196 537 2269 οὖν,
559 2202 656 2270 inquit,
681 2201 714 2261 ὡς
737 2201 811 2260 αὐτὸς
830 2199 1012 2269 (Porphyrius)
1035 2196 1180 2269 ἀναγράφει,
1204 2197 1328 2269 κράτιστοί
1349 2217 1409 2259 τινες

290 2285 410 2356 ὑπῆρχον,
429 2284 556 2355 Ὠριγένης
571 2304 597 2337 τε
614 2287 654 2337 καλ
666 2285 776 2356 Ἀρίριος
789 2285 828 2337 καί
841 2284 993 2345 'liuthart'
1010 2284 1130 2354 Origenis
1148 2286 1252 2338 etiamsi
1264 2303 1318 2338 non
1334 2285 1409 2338 discl-

289 2373 380 2440 pulus,
398 2371 444 2423 sed
462 2371 654 2441 condiscipulus
673 2372 736 2436 luit,
754 2387 842 2424 nonne
854 2371 886 2423 ad
898 2370 1032 2422 Ammonii
1043 2369 1146 2422 scholas
1158 2370 1243 2424 denuo
1255 2371 1409 2424 referimus?

289 2457 398 2509 Minime
415 2473 485 2510 vero.
521 2456 604 2509 Immo
624 2457 720 2526 optime
739 2473 847 2509 causam
864 2461 983 2507 nostram
994 2454 1166 2507 Ruhnkenius
1184 2456 1246 2509 dicit
1261 2457 1329 2508 vitae
1341 2457 1410 2509 Lon·

290 2542 347 2610 gini
365 2540 421 2607 §52
448 2541 503 2605 ,Ob
523 2557 602 2610 quam
620 2558 680 2593 cum
697 2541 800 2594 Plotino
819 2546 845 2593 et
861 2539 1004 2610 Porphyrio
1023 2540 1238 2592 consuetudinem
1255 2541 1354 2594 Romae
1370 2541 1410 2593 in·

290 2627 409 2678 stitutam
433 2625 568 2695 Origenes,
583 2628 616 2678 ab
639 2627 758 2696 Eunapio
780 2624 917 2695 Porphyrii
940 2624 1132 2695 condiscipulus
1156 2630 1288 2679 vocatur.“
1323 2625 1410 2694 Atque

289 2712 410 2764 Amerius
428 2717 496 2764 certe
513 2714 666 2765 notissimus
678 2712 773 2764 Plotini
790 2712 839 2763 fuit
851 2712 1002 2779 discipulus.
1031 2710 1126 2780 Porph
1138 2712 1184 2765 vit.
1165 2711 1262 2765 t.Plot
1276 2728 1333 2781 cap.
1346 2712 1370 2764 7.
1383 2712 1409 2764 l.

290 2794 419 2867 ‘'ilEeye
437 2797 620 2866 (ΡΙοίίοιιείη
640 2795 752 2862 ζηλωτὰς
775 2797 815 2847 καὶ
834 2795 873 2847 διὰ
892 2796 1038 2900 φιλοσοφίαν
1058 2797 1174 2855 συνόντας
1186 2794 1300 2865 'Apeiros
1317 2814 1342 2847 τε
1360 2794 1409 2848 ἀπο

291 2885 332 2947 τῆς
350 2882 471 2950 Τυονίας,
490 2875 519 2932 οὔ
537 2900 565 2931 ro
585 2876 664 2950 ὄνομα
682 2876 711 2947 ἧν
727 2880 917 2941 Γεντιλιανος
896 2899 925 2931 το
939 2881 1036 2950 κύριον,
1056 2881 1129 2941 αὐτος
1148 2880 1174 2933 δὲ
1192 2880 1232 2932 διὰ
1248 2900 1293 2933 του
1311 2880 1325 2951 ῥ
1337 2879 1410 2952 Ἀμί-

292 2984 341 3036 ριον
360 2964 435 3017 αὐτον
453 2966 536 3017 καλεῖν
554 2965 665 3032 ἠξίου,
653 2985 701 3017 απο
720 2970 762 3033 τῆς
772 2964 887 3036 Ἀμερίας
904 2968 920 3031 ἢ
939 2969 981 3032 τῆς
1000 2964 1112 3034 ἀμελείας
1130 2966 1273 3036 πρίπειν’
1247 2971 1315 3037 αυτῳ
1328 2966 1411 3018 καλεῖ-

292 3052 346 3102 σθαι
363 3051 452 3121 λέγων.
482 3052 621 3120 Aqnilinus
639 3064 699 3105 vero
719 3051 881 3104 Christianus
899 3051 962 3116 fuit,
980 3052 1023 3104 cui
1040 3052 1196 3105 etPlotinus
1214 3056 1241 3105 et
1250 3052 1410 3121 Porphyrius

290 3137 419 3190 adversati
437 3142 498 3189 sunt
515 3138 571 3206 (rit.
583 3137 650 3191 Plot.
664 3154 720 3207 cap.
736 3137 786 3206 16).
822 3137 957 3206 Ennapius
973 3137 1067 3205 igitur,
1091 3153 1158 3206 quae
1175 3136 1290 3190 hominis
1308 3144 1348 3190 est
1363 3154 1410 3191 ne-

291 3222 426 3291 glegentia
443 3228 521 3291 atque
539 3223 670 3287 socordia,
691 3238 753 3275 vera
770 3238 831 3274 cum
848 3222 922 3275 falsis
939 3222 1053 3277 miscuit.

356 3305 492 3359 Postremo
509 3324 542 3359 ne
558 3308 615 3376 quis
633 3308 700 3381 forte
714 3307 831 3371 obiiciat,
848 3306 988 3377 Origenem
1000 3307 1187 3360 Adamantium
1197 3307 1340 3377 Porph-yria
1352 3310 1411 3360 Ale·

290 3392 418 3444 xandriae
435 3393 579 3445 innotuisse
597 3393 690 3457 videri,
713 3392 762 3445 hoc
785 3409 867 3444 unum
890 3409 1079 3455 commemoro,
1104 3392 1244 3461 Origenem
1261 3408 1331 3445 anno
1349 3399 1409 3445 ante
1514 3408 1526 3431 ε

292 3493 370 3545 quam
391 3476 550 3546 Porphyrius
572 3484 650 3531 natus
672 3479 717 3542 sit,
741 3477 901 3529 Alexandria
922 3478 1030 3546 pulsum
1051 3492 1116 3529 esse.
1151 3476 1307 3529 Adamantio
1330 3476 1410 3546 κάγώ,

291 3561 377 3631 inquit
394 3578 436 3630 ap.
450 3562 545 3615 Euseb.
559 3565 621 3616 eccl.
635 3562 694 3614 hist.
708 3562 731 3614 6.
744 3562 786 3625 19,
806 3561 895 3631 κομιδῇ
909 3561 1072 3630 (admodum)
1090 3561 1142 3620 νέος
1155 3561 1189 3612 ὢν
1202 3558 1236 3613 ἔτι
1247 3558 1409 3631 ἐντετύχηααι

291 3646 364 3715 Tyri,
385 3647 490 3716 opinor,
507 3649 553 3700 nbi
571 3663 640 3700 anno
654 3647 704 3699 254
722 3647 860 3716 episcopus
877 3651 988 3699 mortem
1007 3648 1079 3699 obiit.

358 3732 501 3801 lLongini
523 3732 555 3785 ad
571 3731 744 3802 Porphyrium
768 3731 879 3801 epistula
901 3731 929 3783 in
951 3732 1022 3783 vitae
1044 3731 1240 3800 Plot.oap.19:
1264 3730 1345 3781 Τοῦτο
1363 3730 1410 3801 γὰρ

292 3809 333 3866 οὖν
355 3818 458 3886 παρόντι
481 3836 519 3867 σοι
542 3817 582 3867 καλ
602 3816 696 3887 μακρὰν
720 3815 806 3867 ἀπόντι
824 3815 936 3884 καὶπερὶ
959 3816 1001 3882 τὴν
1020 3817 1101 3886 Τύρον
1124 3817 1271 3887 διατρίβοντι
1294 3813 1411 3886 τυγχάνω

292 3901 411 3965 δήπουθεν
429 3900 599 3970 ἐπεσταλκώς,
624 3903 641 3953 i.
654 3918 676 3954 e.
694 3902 785 3955 litteris
804 3901 871 3953 datis
890 3901 996 3970 scripsi,
1019 3903 1117 3971 placita
1132 3902 1229 3955 Plotini
1245 3917 1330 3971 pauca
1347 3901 1411 3954 mihi

290 3986 407 4054 probari,
429 3987 515 4039 virum
536 3986 641 4056 probari
661 3987 785 4040 maxime.
809 4018 842 4027 -
867 3985 915 4039 lllo
937 3986 994 4055 ipso
1016 3992 1133 4057 tempore
1154 3986 1329 4058 Porphyrium
1352 4004 1412 4040 cum

292 4069 405 4139 Origene
422 4071 470 4125 Ad.
490 4072 644 4124 convenisse
662 4072 780 4124 arbitror.

359 4155 370 4189 ²
389 4155 427 4209 Gf.
440 4174 465 4225 p.
480 4156 496 4208 8
514 4162 568 4209 not.
577 4155 602 4210 3.
620 4155 779 4225 Porphyrius
796 4173 824 4209 se
840 4157 937 4210 Plotini
953 4157 1140 4210 consuetudine
1157 4173 1236 4210 usum
1252 4174 1309 4210 esse
1326 4158 1410 4226 primo

292 4256 374 4305 anno,
394 4257 524 4310 quocum
547 4240 666 4305 adiisset,
684 4246 711 4293 et
728 4242 843 4312 quinque
861 4242 984 4311 deinceps
1002 4244 1038 4295 ait
1053 4244 1099 4295 rit
1111 4243 1178 4297 Plot.
1191 4242 1216 4296 5.
1231 4243 1257 4305 1,
1275 4259 1345 4295 anno
1363 4242 1411 4295 im-

291 4326 357 4393 perii
375 4325 488 4378 Gallieni
501 4326 532 4378 15
549 4326 578 4378 in
595 4325 711 4379 Siciliam
728 4343 756 4378 se
774 4328 871 4381 abiisse
888 4327 951 4381 ibid.
968 4343 1026 4397 cap
1039 4328 1064 4381 6.
1080 4329 1101 4380 l.

360 4410 576 4465 ³vit.1>10t.18
593 4411 615 4465 l.

360 4496 371 4530 ⁴
388 4495 453 4549 Ibid.
465 4495 481 4547 7
493 4494 574 4549 med
593 4513 626 4546 κα
623 4495 695 4564 lllop
683 4495 776 4566 ρφυρίῳ
786 4490 874 4565 ἐμοὶτ
850 4514 894 4547 οια
898 4496 993 4565 γνησιω
1003 4493 1139 4565 atalpero
1153 4498 1211 4547 πᾶσι
1224 4497 1410 4615 προσεφχηαώς.

362 4578 455 4634 ⁵Ibid.
470 4580 564 4634 *lextn
578 4586 604 4632 et
593 4579 638 4634 ta
1020 4603 1025 4618 ν
