3592 5400
563 525 660 568 carun
675 526 702 568 v.
726 526 768 568 na
783 527 989 570 oascnnomur
1004 527 1125 571 names.
1363 510 1403 573 69

284 685 383 735 tamen
402 695 520 754 semper
537 679 582 736 illi
602 678 685 756 podsi
704 680 884 738 solemnibus
901 681 1061 757 composita
1075 681 1149 752 sint,
1170 682 1261 741 videri
1280 692 1404 761 possunt

284 805 381 862 neque
394 807 431 847 ex
445 789 563 864 templis
577 807 670 863 neque
685 808 720 846 ex
734 790 818 848 libn's
832 789 940 866 petita,
961 792 1014 849 sed
1032 811 1051 848 a
1065 793 1228 868 Porphyrio
1242 794 1404 873 excogitata

284 915 361 956 esse.
385 897 453 972 Qua
469 899 506 955 de
525 917 556 955 re
576 899 713 957 iudicium
733 900 790 958 sibi
810 909 871 958 tum
890 900 1006 958 demum
1027 909 1160 960 constare
1174 904 1297 979 poterit,
1315 922 1403 980 quum

283 1007 578 1079 consideraverimus,
599 1010 648 1084 qui
669 1010 780 1068 numeri
801 1011 862 1068 sint
876 1012 1023 1086 usurpati,
1043 1013 1193 1088 explorata
1212 1014 1331 1072 testium
1345 1015 1403 1073 fide

283 1124 314 1174 et
327 1136 425 1176 rerum
440 1119 617 1177 condicione.
647 1120 732 1195 Quod
746 1120 789 1178 ita
803 1120 969 1192 instituam,
988 1130 1021 1178 ut
1034 1094 1053 1179 a
1067 1121 1155 1182 certis
1168 1122 1205 1180 ad
1221 1119 1346 1195 incerta,
1365 1124 1403 1182 ab

282 1227 406 1286 incertis
420 1230 457 1286 ad
471 1229 548 1288 salsa
561 1231 724 1306 procedam.

631 1468 666 1523 A.
704 1465 876 1524 Trimetri
898 1466 1052 1526 iambici.

832 1621 857 1677 1.

347 1756 460 1830 Agmen
475 1755 562 1810 ducat
576 1753 795 1824 Herodotus,
811 1753 890 1829 quil
909 1755 968 1812 174
983 1763 1096 1811 narrat:

282 1856 388 1930 ἐούσης
406 1879 443 1919 τε
462 1856 560 1932 πάσεις
577 1867 632 1931 τῆς
651 1846 787 1935 Κνιδίης,
808 1857 887 1927 πλὴν
907 1858 1022 1946 ὀλίγος,
1049 1858 1202 1944 περιρρόου
1228 1907 1235 1920 .
1255 1906 1282 1936 .,
1302 1860 1340 1922 τὸ
1360 1854 1401 1922 ὦν

283 1957 322 2036 δὴ
338 1967 439 2054 ὀλίγον
453 1976 559 2046 τοῦτο,
580 1968 628 2030 ἐὸν
643 1967 712 2028 ὅσον
726 1988 762 2028 τε
777 1967 825 2029 ἐπὶ
843 1965 933 2031 πέντε
949 1955 1072 2044 στάδιοι,
1092 1967 1223 2053 ὤρυσσον
1244 1972 1271 2030 οἱ
1286 1957 1401 2031 Κνίδιοι

282 2081 313 2139 ἐν
334 2076 396 2156 ὅσῳ
410 2070 561 2166 Ἅρπαγος
579 2078 635 2146 τὴν
650 2074 755 2146 Ἰωνίην
777 2076 1012 2164 κατεστρέφετο,
1039 2076 1214 2164 βουλόμενοι
1235 2087 1323 2146 νῆσον
1344 2077 1400 2146 τὴν

281 2186 382 2273 χώρην
396 2195 524 2255 ποιῆσαι.
548 2192 644 2266 Quum
660 2200 757 2249 tamen
771 2192 856 2249 multi
867 2212 973 2268 operae
984 2192 1125 2250 vulnerati
1138 2200 1251 2263 essent,
1267 2192 1400 2274 ἔπεμπον

281 2299 312 2369 ἐς
333 2293 470 2380 Δελφοὺς
496 2293 677 2383 θεοπρόπους
703 2295 946 2384 ἐπειρησομένους
966 2296 1003 2360 τὰ
1033 2287 1175 2370 ἀντίξοον.
1204 2301 1223 2366 ἡ
1247 2286 1280 2359 δὲ
1301 2293 1399 2366 ΠυθίνΙ
1491 2338 1493 2343 -

282 2426 348 2492 σφι,
371 2409 411 2477 ὡς
430 2407 516 2468 αυτοὶ
530 2394 646 2468 Κνίδιοι
665 2405 798 2495 λέγουσι,
821 2416 879 2493 γρᾷ
901 2409 931 2468 ἐν
953 2404 1100 2494 τριμέτρῳ
1114 2406 1193 2484 τόνῳ
1208 2395 1300 2468 τάδε·

487 2537 585 2607 Ἰσθμὸν
604 2537 629 2588 δὲ
648 2537 681 2606 μὴ
699 2543 833 2608 πυργοῦτε,
852 2539 910 2608 μηδ’
923 2534 1049 2608 ὀρύσσετε,

488 2621 544 2682 Ζεὺς
562 2619 609 2693 γάρ
628 2623 650 2673 κ’
669 2619 738 2688 ἔθηκε
756 2625 838 2690 νῆσον,
857 2621 877 2673 εἷ
894 2619 919 2692 γ’
937 2620 1061 2690 ἐβούλετο.

347 2748 438 2807 Codd.
453 2749 594 2808 Herodoti
610 2756 639 2807 et
653 2750 763 2809 anthol.
779 2750 843 2808 Pal.
864 2752 912 2809 14.
929 2751 980 2819 81,
996 2749 1046 2807 ubi
1061 2750 1209 2816 oraculum
1223 2749 1399 2825 descriptum

281 2869 343 2930 est,
360 2858 388 2917 εί
402 2854 441 2916 a':
461 2867 548 2934 atque
562 2860 605 2917 ita
619 2853 653 2923 κέ
671 2861 702 2917 in
716 2860 834 2936 prodosi
854 2867 883 2917 et
902 2860 1023 2936 apodosi
1044 2831 1222 2936 epitaphium
1237 2859 1400 2920 Theos-idae

281 2972 313 3028 in
328 2970 508 3027 Moesorum
523 2970 663 3029 nonaum
677 2970 708 3028 in
723 2971 812 3029 Anca
828 2970 893 3029 rar.
913 2972 961 3029 13.
978 2971 1028 3028 ει.
1044 2990 1071 3027 v.
1088 2971 1104 3027 ι
1120 2971 1255 3047 praebet:
1276 2970 1302 3027 ει
1317 2954 1350 3028 δέ
1364 2988 1400 3029 κε

282 3068 364 3152 (dev,
384 3072 538 3162 τύμπανον
558 3073 584 3137 κ’
604 3072 708 3162 ἐφύσιιε
728 3081 780 3138 sed
795 3089 873 3138 recte
890 3080 931 3139 ibi
946 3082 1078 3138 Pearson
1093 3087 1122 3138 et
1135 3080 1263 3140 Brunck.
1283 3080 1308 3138 εἰ
1324 3064 1399 3163 λέγ’

281 3175 365 3258 ἐζοεν
377 3191 576 3248 emendarunt.
600 3188 767 3248 Oenomaus
781 3209 828 3266 ap.
841 3191 951 3249 Euscb.
963 3210 1063 3266 praep.
1076 3208 1177 3267 evang.
1189 3190 1226 3248 V.
1237 3191 1276 3248 26
1293 3210 1322 3265 p.
1338 3191 1398 3248 220

282 3319 307 3359 c.
319 3300 402 3376 vig„
418 3299 493 3356 idem
510 3301 657 3358 oraculum
672 3301 853 3370 describens,
870 3284 904 3357 δὲ
918 3320 975 3357 om.
990 3306 1057 3374 post
1070 3289 1193 3379 ῘΙσθμόν,
1212 3306 1271 3355 tum
1286 3298 1346 3356 ΑΗ
1358 3298 1399 3356 ibi

283 3408 311 3467 εί
332 3402 372 3481 κ’,
395 3410 459 3471 rell.
483 3402 541 3466 αἴτι’
556 3413 706 3486 praebent.
736 3410 857 3468 Rectius
880 3422 977 3466 tamen
996 3405 1152 3482 Lhardyus
1171 3408 1202 3464 in
1223 3408 1268 3465 ed.
1289 3407 1398 3465 Herod.

283 3517 310 3576 εί
323 3512 359 3602 γ’.
372 3550 412 3558 -
428 3510 478 3575 Ἑν
491 3511 638 3600 τριμέτρῳ
653 3515 731 3595 τόνῳ
751 3526 837 3595 putes
857 3524 976 3594 propter
994 3518 1079 3575 metri
1099 3516 1161 3573 eius
1181 3516 1329 3574 raritatem
1347 3517 1399 3576 ad·

282 3629 389 3685 iectum
404 3647 484 3687 esse:
505 3636 535 3686 at
554 3629 629 3686 idem
646 3630 733 3687 etiam
748 3627 778 3686 ἐν
793 3614 947 3710 ἑξαμέτρῳ
961 3621 1040 3703 τόνῳ
1055 3627 1086 3684 in
1100 3626 1225 3685 oraculis
1240 3625 1398 3685 afferendis

282 3738 395 3795 addidit
408 3738 432 3795 I.
450 3740 488 3796 47
505 3746 535 3796 ct
551 3739 589 3797 62
605 3746 634 3796 et
648 3739 682 3797 V.
701 3740 750 3797 60.

827 3932 855 3989 2.

348 4081 487 4158 Sequitur
499 4084 721 4142 Aristoteles
738 4075 784 4160 (fr.
801 4084 859 4141 142
875 4083 921 4140 ed.
937 4080 1087 4141 G.Mdller
1099 4082 1203 4161 fragm.
1218 4083 1287 4141 hist.
1302 4100 1396 4160 graec

283 4201 351 4251 tom.
370 4194 387 4250 2
403 4211 432 4269 p.
452 4185 533 4268 150).
562 4194 648 4250 Prov.
664 4192 788 4268 append.
805 4199 880 4250 cent.
896 4193 933 4251 V.
955 4195 988 4250 3:
1009 4185 1078 4248 Τῶν
1099 4184 1253 4273 φιλτάτων
1271 4186 1313 4247 τοὶ
1332 4185 1398 4270 φίλι.

281 4320 376 4359 τυιτοιε
392 4294 519 4369 Μηλίοις
534 4299 650 4358 ἀνεῖλεν
664 4300 681 4357 ὀ
697 4293 762 4369 θεός

530 4410 625 4490 φιλεῖν
639 4414 699 4468 τῶν
715 4403 868 4493 φιλτάτων
881 4405 924 4469 τοὶ
939 4407 1082 4492 φίλτατα·

285 4515 343 4599 (ita
362 4540 489 4597 parcam.
506 4522 587 4581 codd.
601 4521 666 4580 Vat.
688 4528 718 4578 et
737 4522 821 4580 Bodl.
838 4556 874 4566 -
892 4522 928 4579 Α.
945 4519 1050 4578 Nauck
1064 4520 1095 4576 in
1109 4517 1210 4595 philol.
1226 4516 1262 4575 V.
1277 4537 1306 4593 p.
1324 4518 1395 4586 681,
