3592 5400
618 492 716 537 eaeor
731 492 759 536 ν.
781 494 823 537 nn
838 493 1043 538 onrcrooaun
1058 494 1177 538 norme.
1418 474 1459 542 83

339 641 377 704 Τί
396 641 472 730 palu
493 647 519 704 εἰ
542 630 567 704 δ’
583 643 831 730 ἀγαλμιιτοποιός
849 666 894 717 τις
914 638 934 712 ἢ
960 634 1116 732 ζωγράφος
1135 640 1302 732 ἐπεθύμουν
1322 642 1459 732 γενέσθαι

338 754 390 814 καὶ
406 741 607 826 διδασκάλους
621 743 755 826 ἐζήτουν,
770 744 828 840 ἆρά
843 776 895 841 μοι
909 753 993 841 ἤρκει
1008 756 1135 816 ἀκοῦσαι

644 869 663 941 †
678 867 708 924 ἔν
723 883 758 924 τε
773 871 867 925 τοῖσιν
883 862 1080 940 ευπελέεσσιν,

339 971 406 1034 ἀλλ’
421 974 477 1034 οὐκ
493 967 528 1034 ἂν
543 969 699 1061 μαίνεσθαι
715 968 797 1034 εἷπον
811 972 865 1036 τὸν
880 972 1027 1062 λέγοντας
1048 973 1129 1036 ἀλλά
1143 982 1235 1036 τοῦτο
1251 973 1304 1062 μὲν
1319 977 1390 1050 ἴσως
1405 979 1462 1065 οὐχ

338 1081 438 1156 ἱκανὰς
453 1079 482 1145 εἶ
496 1071 611 1145 εἰδὲνοιι
633 1079 779 1170 ἀσάφειαν
794 1081 851 1171 γὰρ
866 1087 927 1169 ἔχει
941 1083 1057 1154 πολλὴν
1072 1083 1112 1146 τοὶ
1127 1080 1289 1171 ἀνθρώπων
1303 1082 1370 1156 ἤθη.
1392 1085 1459 1148 ὅποι

339 1178 373 1255 δέ
395 1215 447 1280 μοι
469 1195 504 1256 ἐκ
523 1190 705 1279 Κολοφῶνος
725 1189 862 1280 οἷμεινον1
883 1189 1074 1280 πορεύεσθαι,
1096 1197 1152 1256 οὐκ
1174 1190 1215 1256 ἔθ’
1235 1193 1330 1270 οὕτως
1351 1194 1461 1283 ἀφανὲς

336 1310 384 1383 τῷ
400 1299 473 1384 θεῷ·

543 1425 570 1479 ἐκ
588 1427 765 1498 τανυστρόφοιο
783 1425 844 1488 lis<
863 1427 995 1498 σφενδόνης
1012 1425 1053 1489 ἱεὶς
1072 1426 1148 1500 &capt

542 1515 619 1582 χῆνας
637 1509 768 1582 ἐναρίζεινι
786 1512 911 1582 βολαῖσιν,
931 1512 1061 1578 dextrane,
1081 1515 1235 1586 ποιηβορους.

337 1629 417 1708 Τοὺς
439 1622 472 1696 δὲ
495 1631 655 1711 ἀσπέτους,
680 1632 857 1722 ποιηβόρους
877 1643 970 1723 χῆνας
991 1635 1035 1710 τίς
1057 1658 1108 1724 μοι
1131 1636 1268 1725 μηνύσει,
1294 1637 1363 1702 ὅτι
1384 1636 1459 1702 ποτὲ

337 1742 460 1834 λέγουσι
465 1770 474 1820 ;
489 1743 534 1818 τίς
549 1733 582 1807 δὲ
595 1743 651 1815 τὴν
665 1742 868 1832 τανύοτροφον
883 1733 1061 1832 expendebam

337 1945 472 2013 dicautur,
496 1950 522 1998 et
545 1945 675 1999 obiectum
698 1945 870 2010 desideretur,
901 1946 927 1999 id
951 1952 1039 1999 autem
1063 1946 1156 2000 debeat
1178 1946 1257 2001 bomo
1281 1965 1352 2014 esse,
1382 1967 1460 2020 quem

337 2031 488 2083 Oenomaus
507 2031 675 2100 quaesiverit,
698 2028 750 2094 vdd'
768 2031 795 2082 in
813 2031 880 2082 τόνδ’
897 2037 985 2096 muto,
1006 2038 1033 2084 et
1054 2031 1136 2102 χρεὼν
1158 2034 1282 2098 coniicio,
1305 2035 1376 2104 quod
1398 2037 1460 2088 sub

336 2117 436 2168 iectnm
454 2117 494 2168 sit

405 2200 417 2234 ⁶
439 2197 618 2269 Ἐκθεκμαρθὲν
640 2201 676 2265 V,
698 2197 857 2270 ἔκτικμιινθὲν
879 2199 916 2270 B,
944 2197 1089 2272 ἓιτερμιιθὲν
1112 2202 1149 2271 I),
1177 2203 1274 2273 scripto
1297 2221 1309 2253 ν
1331 2219 1413 2273 supra
1435 2221 1459 2272 a,

337 2282 484 2355 ἓκτερμαθὲν
502 2285 556 2341 FG.

406 2370 417 2404 ¹
441 2369 485 2422 Sic
503 2368 661 2439 Stephanus.
698 2370 764 2422 Cum
786 2370 864 2424 huius
887 2371 1000 2425 editione
1017 2373 1064 2424 All
1081 2373 1170 2425 collati
1191 2378 1301 2425 suntet
1322 2372 1379 2426 h.1.
1398 2389 1459 2425 con·

337 2457 435 2507 sentire
457 2455 566 2524 putandi
589 2459 690 2519 essent,
714 2456 737 2507 si
758 2457 852 2508 certior
875 2473 908 2508 ex
934 2456 1074 2509 Gaisfordii
1097 2457 1200 2509 silentio
1224 2462 1295 2507 esset
1318 2457 1459 2521 conclusio,

338 2557 419 2608 quam
431 2545 472 2592 est
483 2556 581 2592 revera.
605 2539 658 2592 Sed
669 2545 699 2592 ut
716 2540 814 2592 scribat
830 2541 867 2592 ita
884 2540 920 2604 A,
937 2540 979 2592 bic
995 2540 1077 2592 codex
1090 2546 1193 2608 apertas
1206 2539 1367 2591 coniecturas
1379 2540 1458 2592 inter-

339 2625 403 2676 dum
419 2641 467 2693 pro
484 2630 559 2677 textu
575 2624 690 2695 praebet.
725 2625 791 2676 Mira
809 2623 955 2694 discrepant
970 2624 1063 2691 reliqui
1075 2623 1185 2674 codices.
1219 2623 1374 2675 Montacutii
1385 2623 1458 2688 liber,

339 2710 386 2778 qui
403 2711 504 2779 aliquot
524 2711 683 2780 reliquorum
701 2711 819 2763 omnium
840 2711 947 2761 lacunas
966 2708 1090 2776 complet,
1115 2705 1172 2757 οὐδὲ
1196 2707 1253 2776 μίαν
1271 2708 1458 2777 σκομφυέζεται,

338 2796 367 2847 in
385 2810 470 2864 marg.
490 2794 656 2864 σκομφῖζεται,
692 2794 777 2857 Quem
795 2793 936 2847 Gaisfordii
954 2792 973 2844 G
992 2808 1048 2843 esse
1069 2792 1097 2842 in
1120 2792 1212 2843 ultimo
1235 2794 1354 2861 prolegg.
1374 2795 1459 2863 capite

339 2879 533 2933 demonstrabo.
569 2879 653 2942 Quare
672 2878 729 2929 οὐδε
748 2897 787 2947 μιν
805 2876 964 2946 σκομφίζεται
981 2893 1034 2927 non
1052 2875 1080 2926 in
1098 2874 1177 2939 GFG,
1195 2881 1224 2928 ut
1242 2877 1279 2928 ait
1297 2876 1395 2943 Gaios„
1413 2878 1459 2931 sed

338 2965 367 3016 in
385 2963 432 3017 FG
448 2969 550 3016 tantum
568 2980 626 3016 esse
643 2963 761 3017 arbitror.
780 2960 838 3013 οὐδὲ
856 2958 903 3029 μὴν
920 2957 1019 3023 BDSV,
1037 2960 1204 3029 σκομφύζεται
1221 2959 1258 3026 Β,
1281 2961 1459 3032 σκομφυίζεται

339 3049 416 3103 DSV.
451 3050 524 3101 Alter
542 3049 630 3118 Vigeri
651 3047 732 3100 codex
757 3044 933 3115 σκομφύξιται,
955 3060 1035 3114 snpra
1056 3046 1152 3115 scripto
1176 3046 1355 3116 σκομφιίζετιιι.
1389 3048 1416 3101 Is
1436 3048 1458 3101 Ε

339 3138 392 3198 est,
417 3133 448 3184 de
472 3150 523 3202 qno
546 3138 616 3185 tacet
639 3132 735 3195 Gaisf.;
759 3130 822 3181 alter
839 3128 930 3197 Vigeri
951 3130 1017 3181 liber
1039 3129 1062 3181 D
1086 3136 1127 3181 est
1150 3130 1305 3197 Gaisiordii,
1329 3132 1360 3183 de
1384 3133 1457 3185 cuius

338 3219 451 3270 lectione
470 3217 551 3270 Gaisi.
570 3234 629 3269 curn
646 3218 742 3284 Vigero
760 3213 785 3267 h.
799 3213 816 3267 1.
836 3213 974 3282 conspirat
1008 3213 1099 3282 ltaque
1122 3216 1239 3283 genuina
1255 3216 1383 3284 scriptura
1401 3218 1458 3284 φεύ-

340 3302 405 3363 ξεται
426 3302 528 3355 ridetur
548 3302 642 3364 fuisse;
667 3299 729 3368 quid
751 3300 777 3350 in
802 3296 859 3348 οὐδε
883 3314 998 3365 μηνσκομ
1020 3299 1111 3362 lateat,
1133 3304 1222 3350 mente
1244 3316 1298 3350 non
1322 3315 1456 3367 assequor.

337 3389 380 3440 An
398 3388 465 3439 forte
483 3386 537 3438 οὐδ’
555 3384 611 3455 ἐμεῦ
629 3384 708 3450 νλών,
727 3383 782 3434 sire
800 3382 882 3433 ascita
899 3381 979 3432 etiam
997 3382 1103 3433 Aeolica
1118 3382 1205 3433 forma
1221 3380 1308 3451 ἐμεῦςλ
1337 3383 1377 3434 An
1395 3383 1457 3434 sim-

337 3472 440 3542 pliciter
458 3467 533 3540 epar
568 3467 682 3522 Goniicio
700 3467 792 3535 igitur,
816 3482 849 3517 ne
871 3465 1028 3517 intentatum
1050 3466 1194 3533 relinquam
1211 3465 1334 3533 aenigma
1351 3466 1456 3517 oraculo

339 3557 489 3609 obscurius:

543 3634 566 3689 ἔν
585 3654 613 3707 γε
630 3638 707 3687 τοῖσιν
725 3634 853 3707 εὖμελέσσι
870 3635 937 3687 τόνδ’
955 3632 1091 3706 Ἀχαιοῖσιν
1109 3632 1190 3705 χρεὼν

543 3722 653 3788 θήσεται·
672 3721 700 3773 ab
720 3722 741 3772 δ’
760 3719 921 3791 ἐκτεκμαρθὲν
939 3719 992 3771 οὐδ’
1010 3718 1067 3790 ἐμεῦ
1085 3716 1153 3771 κλὼν
1172 3718 1288 3789 φεύξεται.

337 3810 413 3863 Hune
431 3803 576 3871 hominem,
595 3824 673 3876 quem
685 3807 800 3875 quaeris,
818 3823 875 3859 sors
893 3807 921 3858 in
935 3795 1036 3858 decoris
1048 3804 1159 3858 Achaeis
1176 3811 1268 3874 ponetz
1287 3802 1356 3874 quod
1368 3811 1456 3858 autem

336 3897 393 3946 fato
412 3898 577 3962 praeceptum
596 3898 647 3956 est,
665 3908 698 3943 ne
716 3908 775 3943 mea
792 3891 898 3961 quidem
917 3890 958 3943 dei
974 3890 1060 3960 proles
1078 3889 1194 3959 effugiet.

408 3978 416 4009 ¹
441 3976 572 4029 Solemnis
591 3977 754 4028 oraculorum
772 3976 881 4039 locuti03
899 3974 1169 4044 cr.L0b.Ag1.1093.

407 4061 418 4094 2
442 4058 463 4111 el
479 4058 526 4130 γὰρ
545 4054 574 4127 ἥν
592 4078 638 4129 pro
656 4059 696 4120 ἱεὶς
715 4058 773 4129 ἀνὴρ
792 4060 846 4114 AH.

407 4144 418 4177 ³
442 4146 485 4197 Sic
496 4163 544 4215 pro
562 4142 652 4214 ἐνάριζε
672 4143 753 4199 Gaisi.
774 4162 807 4196 ex
824 4144 916 4197 lortini
931 4144 1093 4209 coniectura,
1117 4144 1180 4197 item
1198 4142 1319 4213 βολαῖσιν.
1344 4144 1456 4213 βούλεσιν

337 4234 375 4294 A,
400 4229 526 4298 βούλευσιν
544 4230 580 4293 Η,
604 4228 730 4297 βουλαῖσιν
753 4230 809 4284 rell.
823 4229 896 4282 codd.
931 4230 998 4282 Tum
1017 4228 1129 4289 ἀσπέτοις
1147 4229 1179 4293 G,
1204 4228 1326 4288 ἀσυνέτοις
1343 4228 1372 4281 Β.
1408 4227 1456 4279 Ρο-

338 4321 436 4367 stremo
455 4315 606 4384 ποιημόρους
624 4314 680 4378 Bo,
704 4314 773 4366 idem
794 4315 873 4384 paulo
896 4320 956 4384 post
972 4314 1073 4368 BCDG.
1108 4314 1147 4366 Ne
1168 4314 1217 4366 hoe
1240 4313 1344 4381 quidem
1366 4327 1456 4363 oracu-

338 4402 394 4452 lum
412 4401 544 4470 integrum
562 4405 616 4464 est,
634 4399 680 4451 sed
696 4404 798 4468 partem
815 4400 893 4453 modo
912 4400 990 4469 elegit
1008 4399 1129 4469 Cynicus.

1219 4498 1253 4555 6.
