3592 5400
388 574 420 616 1v
868 568 1046 611 PRAEFATIO.

389 731 450 790 nini
464 730 536 788 Pius
552 736 580 785 et
595 726 806 802 Philosophus,
828 723 877 800 qui
892 722 1052 799 praeclaris
1073 722 1179 779 artium
1194 721 1391 779 monumentis
1406 739 1506 778 monu-

389 848 487 901 menta
506 859 562 897 non
582 838 678 896 minus
692 822 844 912 praeclara
863 834 1037 904 adiicerent,
1061 833 1104 891 ita
1117 834 1262 903 rhetores,
1286 832 1336 908 qui
1356 832 1506 890 hominum

389 953 500 1011 animos
522 950 558 1008 ad
581 947 701 1006 Homeri
725 954 942 1021 ceterorumque
963 952 1114 1021 poetarum
1136 944 1373 1014 admirationem,
1398 962 1506 1002 sermo·

389 1083 455 1121 nem
471 1061 548 1140 vulgi
559 1061 597 1118 ad
608 1059 735 1117 Atticam
750 1056 926 1134 elegantiam
939 1063 969 1112 et
979 1063 1161 1114 venustatem
1172 1063 1349 1114 revocarent.
1374 1054 1506 1129 Quorum

389 1174 485 1233 studia
499 1171 662 1230 arctissime
677 1187 741 1226 cum
758 1168 876 1226 deorum
898 1167 978 1223 cultu
998 1167 1200 1224 cohaerebant.
1227 1165 1363 1242 Namque
1382 1166 1506 1242 impera-

389 1293 466 1344 tores
482 1284 526 1341 illi
542 1300 678 1340 novorum
695 1280 860 1348 numinum,
884 1296 1006 1354 quorum
1021 1276 1155 1334 notitiam
1170 1295 1205 1333 ex
1220 1274 1343 1334 Oriente
1358 1285 1505 1354 ceperant,

389 1415 454 1453 cum
475 1392 638 1452 simulacris
661 1398 690 1448 ct
711 1389 841 1447 delubris
865 1389 951 1446 etiam
975 1407 1058 1445 sacra
1083 1395 1113 1444 et
1134 1387 1303 1464 religionem
1325 1387 1356 1443 in
1378 1386 1505 1446 Romani

388 1505 503 1581 imperii
525 1503 598 1561 fines
619 1501 855 1569 introduxerunt,
883 1519 942 1557 nou
965 1500 1034 1556 deos
1057 1498 1201 1567 diversos,
1229 1498 1282 1556 scd
1303 1497 1359 1556 diis
1383 1496 1505 1557 Graecis

388 1614 586 1689 Romanisque
606 1619 710 1669 natura
723 1610 875 1688 aequales,
896 1608 990 1667 forma
1009 1591 1179 1666 differentes
1199 1626 1233 1681 se
1253 1610 1419 1685 repperisse
1440 1610 1504 1668 rati.

388 1726 549 1783 Rhetorum
571 1729 668 1780 autem
688 1721 869 1798 quorundam
893 1720 1013 1797 pietatis
1039 1719 1217 1776 luculentum
1238 1719 1339 1777 Aelius
1359 1719 1506 1779 Aristides

388 1836 510 1912 praebet
524 1834 700 1909 exemplum,
724 1833 773 1909 qui
788 1823 1036 1908 peregrinantium
1056 1829 1133 1905 apud
1155 1837 1301 1887 nostrates
1324 1831 1506 1889 sacerdotum

389 1947 491 2015 instar,
508 1944 653 2002 orationes
668 1963 722 2019 per
733 1942 822 2001 Asiae
837 1944 925 2001 urbes
942 1959 1048 2018 magna
1058 1941 1207 1997 hominurn
1219 1939 1384 2016 frequentia
1394 1942 1505 2011 habuit,

388 2057 499 2125 Iovem,
516 2056 693 2125 Minervam,
712 2053 897 2129 Neptunum,
918 2053 1079 2120 Bacchum,
1099 2050 1273 2122 Herculem,
1288 2052 1505 2128 Aesculapium,

298 2188 306 2210 ³
389 2165 523 2242 Sarapim
539 2166 675 2241 deinceps
692 2163 815 2242 singulis
830 2161 1089 2220 declamationibus
1100 2161 1284 2238 praedicans.
1307 2163 1406 2238 Atque
1417 2165 1506 2222 etiam

388 2276 553 2354 philosophi
568 2293 627 2333 non
642 2281 770 2332 evertere
786 2272 965 2333 Graecorum
981 2273 1147 2348 sapientum
1163 2272 1330 2349 opiniones,
1348 2274 1401 2331 sed
1416 2275 1506 2350 expli-

388 2405 455 2446 care
469 2393 498 2444 et
513 2386 680 2444 continuare
691 2385 748 2444 sibi
759 2384 942 2454 videbantur,
958 2384 1090 2460 quamvis
1103 2383 1195 2440 multa
1206 2402 1241 2440 ex
1253 2381 1377 2445 Oriente
1393 2384 1506 2443 hausis-

388 2505 463 2558 sent.
496 2496 573 2556 Nam
587 2497 654 2574 ipsa
668 2495 872 2572 plerorumque
887 2492 995 2554 Oriens
1011 2503 1074 2554 erat
1088 2494 1193 2570 patria.
1228 2491 1374 2553 Calvisius
1390 2495 1505 2554 Taurus
1523 2574 1525 2582 Ι

387 2609 443 2668 fuit
472 2608 657 2684 Berytensis,
690 2607 835 2666 Maximus
865 2606 922 2664 fuit
951 2605 1075 2681 Tyrius,
1108 2603 1271 2664 Numenius
1301 2606 1505 2682 Apameensis,

387 2722 510 2781 Potamo
526 2728 555 2778 et
565 2720 737 2778 Ammonius
750 2716 858 2779 Saccas
870 2717 1074 2787 Alexandrini,
1090 2716 1225 2775 Plotinus
1239 2717 1401 2793 Aegyptius
1412 2717 1505 2794 Lyco-

388 2831 549 2909 politanus,
564 2829 746 2905 Porphyrius
762 2837 792 2886 et
805 2829 983 2888 lamblichus
1000 2827 1081 2904 Syri3
1096 2827 1181 2915 multi
1196 2826 1248 2885 alii
1263 2824 1330 2903 Syri
1347 2835 1377 2885 et
1392 2827 1505 2906 Cappa·

387 2943 484 3000 uoces.
506 2940 622 2998 Aaron
636 2940 714 2997 enim
729 2947 805 3009 tum,
826 2939 903 3015 quoa
923 2950 953 2996 a
973 2940 1006 2997 in
1026 2938 1149 3016 singulis
1165 2938 1331 2997 nomnibus
1352 2917 1429 2997 ain
1444 2940 1506 2997 uni·

363 3092 368 3097 -
388 3052 480 3112 versis
495 3050 662 3109 civitatibus
677 3050 740 3107 fieri
756 3050 844 3120 solet,
861 3058 894 3107 ut
907 3057 1010 3127 gentes
1026 3068 1119 3125 nuper
1132 3049 1170 3107 ad
1185 3066 1333 3109 sacrorum
1346 3050 1505 3110 doctrinae·

388 3182 445 3241 que
459 3161 690 3221 communionem
704 3168 879 3220 convocatae
892 3161 1005 3219 fervore
1021 3168 1050 3218 et
1065 3160 1170 3219 studiis
1185 3177 1250 3231 ecs,
1266 3160 1316 3237 qui
1332 3181 1505 3221 convocave-

388 3281 469 3344 rant,
485 3280 665 3349 superarent.

450 3384 563 3442 Horum
584 3384 674 3462 igitur
694 3384 934 3461 philosophorum
955 3382 1151 3460 Porphyrius,
1179 3383 1304 3459 scriptor
1329 3382 1453 3461 impiger
1478 3390 1507 3440 et

387 3496 519 3555 doctrina
536 3496 678 3573 insignis,
703 3496 781 3553 inter
798 3493 956 3553 acerrimos
977 3501 1039 3551 erat
1060 3491 1293 3559 Christianorum
1312 3494 1505 3554 adversarios.

388 3607 501 3666 Tamen
524 3605 673 3666 Christum
695 3607 792 3682 ipsum
813 3607 844 3663 in
867 3605 951 3664 libris
973 3600 1039 3686 περὶ
1061 3607 1117 3673 τῆς
1138 3602 1173 3662 ἐκ
1195 3599 1305 3687 λογίων
1333 3600 1507 3687 φιλοσοφίας

388 3717 465 3776 haud
487 3717 598 3794 exiguis
620 3717 754 3779 laudibus
777 3716 875 3786 effert,
901 3735 996 3792 neque
1015 3715 1145 3773 divinum
1164 3714 1256 3775 fuisse
1279 3722 1381 3792 negat,
1403 3718 1454 3775 sed
1477 3717 1506 3773 in

387 3829 506 3885 heroum
519 3828 608 3884 refert
618 3847 779 3885 numerum.
803 3827 890 3886 Haud
902 3844 997 3904 pauca
1008 3826 1097 3883 iidem
1107 3826 1176 3884 libri
1187 3826 1223 3883 de
1235 3826 1314 3883 cultu
1325 3827 1460 3898 deorum,
1471 3828 1506 3885 de

388 3938 504 3995 arcanis
520 3934 732 3996 Chaldaeorum
748 3928 873 4008 artibus,
895 3938 931 3995 de
946 3945 1076 3995 veterum
1097 3936 1242 3995 institutis
1262 3938 1413 3996 continent
1431 3939 1507 3996 lectu

388 4048 569 4125 dignissima.
594 4047 725 4122 Quorum
740 4047 878 4124 reliquias
894 4067 998 4124 quum,
1014 4056 1046 4106 ut
1061 4067 1176 4106 omnem
1188 4048 1370 4106 oraculorum
1377 4049 1506 4125 poesim,

388 4159 536 4236 dispersas
544 4158 639 4215 iacere
646 4158 774 4216 viderem
782 4176 816 4216 ac
824 4159 984 4235 neglectas,
996 4166 1026 4217 et
1033 4159 1138 4237 collegi
1150 4166 1188 4229 et,
1201 4165 1233 4215 ut
1239 4159 1331 4233 potui,
1344 4160 1505 4231 emendavi,

388 4271 423 4327 ad
438 4268 580 4345 quasdam
595 4269 682 4326 etiam
703 4269 801 4329 codice
821 4287 907 4340 usus,
931 4277 961 4326 et
982 4270 1107 4346 explicui
1127 4270 1170 4329 ita
1190 4276 1222 4327 ut
1247 4289 1322 4346 quae
1342 4272 1506 4329 annotatio-

389 4381 435 4439 nis
448 4380 565 4439 modum
577 4387 664 4456 atque
675 4380 816 4438 ambitum
830 4381 968 4438 excedere
980 4381 1161 4451 viderentur,
1172 4382 1419 4440 commentariolis
1435 4401 1506 4440 non·

388 4491 477 4549 nullis
497 4492 551 4550 sub
571 4491 638 4549 libri
659 4492 746 4549 finem
767 4492 1055 4567 comprehenderem:
1079 4492 1168 4558 veluti
1184 4511 1221 4551 ea
1239 4511 1314 4569 quae
1334 4493 1371 4551 de
1391 4494 1507 4553 daemo-

389 4601 475 4663 nibus
496 4609 525 4660 et
545 4603 657 4682 angelis
683 4604 849 4681 philosophi
870 4602 977 4663 Graeci
1002 4604 1159 4674 sentirent,
1186 4603 1329 4680 quomodo
1351 4604 1507 4663 simulacra
