3592 5400
340 501 400 566 146
828 517 920 561 arear
932 520 965 560 11.

338 669 387 719 τῶν
406 666 441 717 ἀεί
459 670 495 735 τῷ
514 665 561 733 θεῷ
575 665 752 734 παρεστώτων,
771 664 811 715 καί
829 663 1004 733 χωριζομένων
1018 663 1093 714 αὐτοῦ
1112 663 1152 714 καὶ
1171 660 1203 723 εἰς
1221 660 1339 732 ἀγγελίας
1358 664 1397 715 καί
1410 665 1457 716 δια·

339 760 420 819 κονίας
439 757 671 829 ἀποστελλομένων,
690 758 729 810 καί
747 761 797 809 τῶν
816 758 939 827 φερόντων
958 755 992 807 ἀεί
1010 757 1052 808 τον
1071 755 1147 808 αὐτοῦ
1167 758 1262 825 θρόνον.
1292 758 1401 811 Videtur
1412 759 1458 827 igi-

338 860 380 906 tur
398 853 539 906 scholiasta
557 851 583 903 σὲ
602 848 701 921 ἄγουσιν
720 852 894 904 intellexisse:
913 857 996 919 agunt
1012 856 1051 914 te,
1069 852 1086 905 i.
1100 868 1123 905 e.
1142 849 1230 903 ferunt
1247 857 1273 904 te
1290 852 1319 904 iu
1337 853 1403 904 solio
1421 869 1458 904 se·

339 947 464 1015 dentem)
483 945 511 996 τ“ο
531 944 557 996 δὲ
575 942 709 998 ἀοιδιάουσι
727 945 748 996 δ’
767 943 844 996 {odida
862 942 914 995 &ort
932 949 975 995 τοῦ
995 942 1094 1012 ᾅδουσιν
1113 943 1158 1004 ἕως
1176 948 1229 1025 νῦν.Ι

370 1047 447 1107 Tum
462 1055 529 1124 post
543 1067 570 1106 v.
585 1047 623 1106 22
640 1047 694 1106 L.:

407 1150 479 1216 δηλοῖ
497 1149 523 1202 δὲ
542 1149 581 1201 διὰ
599 1149 704 1215 τούτων,
729 1147 766 1201 ότι
784 1148 824 1201 καί
842 1148 934 1218 πατρὸς
953 1147 992 1200 καί
1012 1146 1102 1218 μητρὸς
1122 1146 1296 1219 φιλοστοργίαν
1315 1145 1457 1220 ἐνδείκνυται

339 1245 392 1316 περὶ
413 1243 477 1314 ἡμᾶς
500 1241 513 1294 ὁ
537 1242 604 1312 θεός,
629 1243 668 1294 καὶ
691 1242 728 1295 ὅτι
750 1243 937 1313 συγκαταβαίνει
960 1239 998 1294 ecl
1021 1242 1218 1312 φιλανθρωπίαν·
1244 1242 1284 1294 καί
1306 1243 1398 1314 γίνεται
1421 1243 1457 1296 καί

340 1338 412 1398 abibe
431 1335 572 1408 ἄνθρωπος,
591 1335 631 1388 καί
649 1335 737 1388 ὡσανεί
755 1338 810 1389 θεοῦ
828 1338 902 1388 τόκον
920 1339 981 1405 (scr.
1000 1338 1084 1404 τόκος)
1102 1335 1157 1402 ἤτοι
1175 1337 1359 1408 δημιούργημα.

402 1439 554 1498 Posterius
574 1440 716 1497 scholium
737 1459 755 1496 a
776 1417 944 1497 Christiano
967 1438 1107 1513 scriptum
1127 1457 1193 1497 esse
1212 1447 1309 1515 patet,
1336 1442 1375 1498 ab
1397 1441 1457 1516 ipso

338 1551 487 1620 Planude,
504 1551 620 1626 opinor3
636 1551 717 1626 prius
733 1558 829 1609 utrum
843 1550 930 1608 huius
942 1550 996 1606 viri
1008 1568 1045 1606 an
1057 1548 1214 1625 Porphyrii
1230 1550 1270 1608 sit
1284 1551 1411 1610 dubites.
1423 1583 1449 1594 -

338 1661 386 1720 De
401 1661 514 1738 augelis
529 1661 615 1736 plura
629 1661 660 1717 in
676 1661 881 1719 additamentis
896 1660 1000 1718 dicam.

359 1792 361 1797 ’
402 1772 469 1830 Huc
488 1772 645 1848 Augustini
666 1772 701 1830 de
721 1774 774 1831 civ.
791 1772 838 1830 dei
857 1773 905 1831 1θ.
923 1773 972 1830 θθ.
988 1771 1052 1828 init.
1068 1771 1135 1830 fort.
1151 1773 1293 1848 pertinet:
1321 1772 1382 1847 „Et
1401 1793 1456 1831 au·

339 1884 440 1962 gelos
461 1884 569 1960 quippe
589 1884 682 1942 alios
703 1902 784 1942 esse
803 1877 878 1940 dixit
894 1876 1112 1960 (Porphyrius),
1134 1883 1193 1958 qui
1214 1883 1382 1942 deorsum
1404 1886 1456 1941 de·

340 1994 558 2054 scandentes
584 1995 790 2052 hominibus
816 1993 1025 2071 theurgicis
1049 1993 1173 2049 divina
1202 1994 1455 2070 pronuncient,

340 2106 432 2164 alios
449 2114 578 2175 autem,
600 2106 659 2181 qui
675 2107 709 2162 in
725 2105 836 2164 terris
853 2125 907 2174 ea,
929 2123 1018 2179 quae
1033 2105 1152 2180 patris
1168 2111 1265 2175 suut,
1283 2113 1318 2162 et
1333 2106 1455 2163 altitu·

340 2215 456 2274 dinem
478 2217 555 2274 eius
576 2215 936 2291 profunditatemque
955 2216 1152 2273 declarent.
1193 2215 1274 2273 Num
1295 2216 1388 2293 igitur
1409 2218 1455 2274 hos

336 2327 459 2403 angelos
477 2368 483 2383 .
498 2369 504 2383 .
519 2368 526 2382 .
543 2326 717 2383 credendum
733 2333 779 2383 est
794 2325 868 2382 velle
884 2344 937 2383 nos
953 2326 1038 2383 subdi
1058 2325 1116 2383 nisi
1137 2325 1178 2395 ei,
1202 2326 1284 2385 euius
1304 2329 1391 2386 nobis
1411 2347 1455 2384 an·

341 2436 476 2494 nuntiant
491 2435 689 2494 voluntatem?
718 2436 804 2495 Unde
821 2434 930 2513 optime
945 2437 1082 2494 admouet
1096 2436 1184 2494 etiam
1198 2437 1264 2513 ipse
1279 2439 1454 2506 Platonicus,

341 2545 538 2606 imitandos
555 2547 750 2625 enepotius
767 2544 1134 2623 quarninvoeandos.“

369 2660 443 2719 Post
454 2659 597 2719 scholium
608 2658 650 2717 ita
660 2659 959 2737 pergitPorphyrius:
972 2649 1040 2717 εἶτα
1051 2651 1157 2743 ἐπάγει
1170 2656 1185 2715 ὁ
1198 2653 1331 2743 χρησμὸς
1341 2644 1454 2719 νοίδε·13

375 2772 443 2829 164.
467 2762 548 2835 Teos
566 2755 590 2827 δ’
602 2766 664 2827 ἐσσὶ
677 2765 776 2851 πατὴρ
793 2766 843 2827 καὶ
859 2764 1014 2853 pacta&
1031 2764 1146 2854 ἀγλαὰν
1162 2753 1241 2839 εἶδος

398 2938 420 2972 ¹⁵
439 2938 499 3009 πρὸς
518 2940 547 2991 δέ
561 2940 783 3006 τι..ποιήσαςΒ.
1466 2999 1469 3004 ,

399 3026 421 3058 ¹⁶
440 3044 466 3075 σε
488 3025 578 3088 Basa,
608 3026 654 3076 scd
675 3043 699 3079 ν.
718 3041 772 3094 seq.
790 3042 837 3095 pro
856 3027 878 3076 α’
896 3026 956 3078 AF
978 3027 1104 3096 praebent
1122 3026 1151 3096 ῥ’,
1175 3027 1213 3079 st.
1238 3026 1276 3097 ῥα.
1318 3030 1386 3082 Tum
1409 3026 1456 3079 κατ’

340 3105 407 3179 ἦμαρ
425 3110 484 3174 ΒΑ,
503 3096 759 3179 καθ’.ἧπαρ’ἄδουσιν
778 3111 828 3176 St,
852 3128 1011 3181 quamquam
1028 3111 1069 3163 bic
1091 3118 1232 3182 „semper“
1251 3115 1342 3178 vertit3
1364 3114 1456 3184 ᾅδουσιν

341 3195 490 3265 calupnii.
508 3196 592 3248 Metro
611 3195 739 3248 satisfacit
757 3193 856 3265 ἄγουσιν
875 3195 973 3266 daupu,
992 3198 1061 3266 quod
1078 3198 1227 3267 Bpraebet.
1257 3200 1292 3250 At
1311 3204 1353 3264 „te
1371 3199 1457 3252 carmi-

340 3282 417 3333 nibus
437 3269 534 3350 aguht“
553 3281 694 3333 barbarum
711 3285 758 3333 est.
792 3281 858 3344 Quia
875 3283 990 3351 primum
1007 3283 1084 3335 modo
1102 3285 1256 3351 angelorum
1274 3300 1359 3353 genus
1376 3286 1404 3337 iu
1421 3283 1458 3335 dei

340 3372 482 3436 conspectu
499 3371 627 3431 versatur,
647 3371 673 3418 et
689 3368 731 3418 vel
749 3367 860 3419 alterum
878 3369 911 3420 ab
930 3384 960 3420 eo
978 3373 1107 3419 remotum
1124 3367 1229 3432 volitat,
1247 3368 1289 3421 hic
1306 3386 1411 3439 quoque
1425 3369 1458 3421 di-

340 3452 433 3504 stincte
456 3453 524 3504 idem
542 3458 597 3503 erat
615 3452 765 3517 dicendum3
789 3459 815 3505 et
833 3470 914 3521 quum
932 3452 986 3503 κατ’
1004 3446 1071 3521 ἦμαρ
1089 3457 1144 3504 tam
1167 3454 1254 3505 tritum
1280 3460 1363 3519 esset,
1386 3456 1457 3506 facile

341 3537 362 3587 o’
381 3534 435 3596 ἑκὰς
453 3537 490 3588 ita
508 3538 639 3607 corrumpi
650 3543 760 3606 poterat.
791 3539 858 3590 Turn
871 3538 941 3607 quod
953 3536 1033 3589 altero
1048 3539 1105 3590 loco
1118 3537 1179 3593 nst.
1195 3555 1242 3608 pro
1261 3538 1291 3589 σέ
1306 3538 1420 3613 θαιθοιιῖ,Ι
1430 3536 1458 3608 ῥά

340 3622 495 3690 exquisitius
520 3629 570 3687 est,
591 3626 675 3691 'quam
697 3628 726 3674 ut
748 3639 781 3675 ex
799 3624 954 3692 pronomine
977 3624 1106 3692 corrumpi
1123 3624 1199 3676 facile
1215 3625 1344 3693 potuerit;
1366 3625 1457 3677 falsum

338 3712 427 3758 tamen
445 3708 472 3758 in
490 3709 576 3759 locum
593 3708 729 3777 irrepsisse
747 3710 865 3761 arbitror.
895 3708 962 3759 Nam
986 3709 1055 3777 prior
1076 3714 1178 3761 tautum
1202 3712 1275 3762 locus
1300 3711 1390 3779 utique
1407 3726 1460 3779 cor-¹

339 3796 430 3861 ruptus
455 3805 506 3855 est,
530 3798 555 3843 et
578 3790 609 3861 ῥά
625 3810 649 3844 ν.
665 3794 696 3845 10
714 3810 744 3845 ac
765 3799 821 3845 tam
843 3790 921 3862 saepe
939 3794 981 3845 vel
998 3794 1031 3845 ab
1048 3794 1162 3847 Homero
1184 3796 1335 3864 pronomini
1356 3795 1457 3847 relativo

340 3876 498 3939 annectitur,
517 3892 596 3950 quam
613 3878 755 3950 insolenter
772 3884 845 3931 tanto
863 3879 999 3931 intervallo
1018 3895 1034 3929 a
1051 3880 1194 3931 sententiae
1211 3879 1286 3932 initio
1298 3880 1367 3933 foret
1378 3898 1458 3932 remo·

339 3966 405 4013 tum.
433 3959 569 4011 Sententia
585 3962 666 4030 igitur
682 3962 748 4015 haec
766 3965 862 4016 evadit:
882 3963 1058 4032 dimergunt,
1076 3964 1127 4033 ipsi
1147 3980 1250 4033 quoque
1268 3966 1351 4018 adeo
1369 3964 1458 4018 remoti

340 4060 423 4113 aeque
441 4060 471 4095 ac
489 4059 572 4112 genus
591 4049 745 4115 angelorum
763 4049 914 4103 secundum.

391 4129 413 4163 ¹⁷
433 4129 476 4181 Sic
485 4129 505 4180 L
513 4129 550 4183 St.
561 4127 710 4183 ἀοιδιόισονσι
719 4132 749 4183 Β.
759 4130 794 4184 ciel
805 4132 952 4202 διάγουσιΑ.
962 4132 1087 4193 ΤοιοΑές
1098 4127 1163 4203 ὦπα,
1174 4134 1212 4187 St.
1223 4133 1245 4195 ἒς
1254 4127 1316 4200 ὧδε,
1326 4132 1456 4188 ΕΒέσῶδε,

339 4215 378 4269 De
395 4214 544 4267 huiusmodi
563 4218 713 4285 compositis
726 4234 750 4269 ν.
768 4218 833 4271 Lob.
852 4218 947 4287 Phryn.
965 4237 990 4288 p.
1004 4220 1020 4271 4
1033 4236 1091 4289 sqq.>
1107 4219 1205 4289 pathol.
1224 4237 1250 4289 p.
1263 4220 1314 4273 610
1326 4216 1384 4291 sqq.
1413 4221 1457 4272 Ga-

338 4306 406 4353 uunt
427 4316 511 4369 usque
534 4300 566 4351 ad
588 4300 659 4353 hunc
681 4301 756 4355 diem.
793 4302 958 4369 {Boissonad
976 4321 1002 4372 p.
1021 4305 1071 4357 294
1088 4306 1154 4357 coni.
1174 4305 1197 4355 σί
1214 4323 1241 4356 σε
1261 4307 1317 4357 κατ’
1335 4300 1402 4377 ἦμαρ
1419 4304 1457 4357 καί

340 4386 409 4455 νύχθ’
428 4384 561 4456 ὑμνείοντες
580 4384 602 4438 ἀ.
622 4385 643 4454 β.
663 4385 685 4455 ῥ’
703 4384 721 4437 ἐ.
741 4384 776 4437 ἀεί
795 4384 919 4455 διάγουσιν
938 4385 960 4447 ἐς
979 4381 1050 4442 ὦσαι
1073 4391 1155 4443 fuisse
1176 4389 1263 4459 ᾅδουσι
1286 4392 1405 4461 glossam
1426 4382 1456 4442 ad

341 4468 485 4540 διάγουσιν.)

409 4555 435 4632 18
454 4554 511 4608 τάδε
529 4575 580 4613 om.
599 4554 630 4614 B.
650 4558 771 4629 (Praebet
787 4558 826 4627 L.)
896 4558 920 4595 ¹⁹
938 4560 1029 4630 μητρὸς
1048 4562 1201 4631 compendio
1218 4561 1250 4615 Β.
