3592 5400
357 483 418 548 100
577 503 673 546 carun
688 503 740 545 vn.
763 502 805 544 oa
822 502 1026 546 onrcuaonuu
1040 501 1150 546 rouen.
1167 502 1251 545 rrnu.

355 659 440 729 derit,
455 666 505 716 aut
519 658 644 717 fortasse
658 665 768 728 vatem,
784 657 861 732 quod
876 677 935 715 non
950 656 1037 728 dixit,
1053 656 1164 716 dixisse
1177 657 1237 716 iste
1251 656 1317 734 ipse
1332 658 1474 716 confinxe·

356 770 403 827 rit.
434 767 459 842 ᾖ.
478 771 505 828 3.
524 768 598 842 Quis
610 769 652 826 ita
668 769 775 827 stultus
791 776 851 839 est,
871 776 976 826 utnon
992 768 1151 844 intelligat,
1167 775 1219 825 aut
1233 769 1271 826 ab
1285 768 1406 827 homine
1421 769 1475 826 cal·

354 880 413 938 lido
429 899 520 956 eoque
536 877 713 938 Christianis
729 878 932 937 inimicissimo
948 881 1021 937 haec
1035 879 1152 936 oracula
1164 877 1259 956 fuisse
1273 879 1414 950 conficta,
1430 888 1476 937 aut

354 991 476 1050 consilio
489 990 578 1048 simili
591 991 628 1048 ab
639 990 761 1067 impuris
773 990 963 1049 daemonibus
974 991 1034 1048 ista
1044 990 1135 1048 fuisse
1147 1008 1297 1066 responsa.
1313 987 1340 1064 ᾗ.
1354 993 1384 1049 4.
1402 988 1476 1050 Saue

355 1101 504 1161 Christum
520 1102 642 1160 laudans
657 1101 704 1158 vel
714 1098 895 1177 Porphyrius
911 1102 956 1158 vel
971 1098 1151 1160 Hecate...“
1174 1101 1320 1176 Equidem
1336 1121 1406 1160 vero
1422 1121 1476 1160 non

354 1212 469 1282 dubito,
486 1211 555 1286 quin
570 1211 751 1289 Porphyrius
766 1211 869 1269 fallere
883 1211 1019 1269 noluerit.
1049 1211 1184 1287 Namque
1198 1209 1275 1268 iurat
1290 1211 1322 1268 in
1337 1213 1475 1271 librorum

355 1324 481 1394 exordio,
498 1342 530 1381 se
546 1323 663 1380 oracula
678 1341 735 1379 non
751 1321 919 1391 mutavisse,
935 1322 993 1381 nisi
1008 1323 1057 1379 ubi
1071 1307 1156 1381 lectio
1170 1329 1307 1399 corrupta
1318 1331 1476 1382 metrumne

354 1419 486 1492 mancum
502 1433 660 1510 flagitaret3
676 1450 808 1490 veracem
823 1452 888 1490 eum
903 1433 1089 1509 moribusque
1104 1433 1249 1511 integrum
1260 1432 1354 1492 luisse
1364 1441 1475 1492 veteres

354 1545 524 1622 praedicant
530 1565 538 1615 3
555 1550 663 1618 quanta
678 1562 746 1600 cura
761 1550 791 1600 et
805 1563 897 1620 paene
913 1544 1110 1602 sollicitudine
1126 1545 1277 1602 veritatem
1289 1545 1475 1619 quaesiverit,

356 1655 450 1733 capite
466 1657 500 1726 2,
520 1654 692 1731 praesertim
712 1674 740 1730 p.
758 1655 812 1727 37,
833 1654 962 1727 ostendi3
989 1673 1063 1730 quae
1078 1655 1180 1731 spuria
1194 1673 1260 1714 esse
1280 1655 1475 1725 intellexerat,

356 1786 390 1823 ea
405 1765 594 1844 impugnabat
615 1758 659 1843 (p.
677 1757 743 1843 28).
777 1763 835 1824 Sed
855 1765 988 1824 credulus
1009 1773 1080 1824 erat.
1111 1765 1313 1824 Eruditionem
1335 1767 1399 1826 eius
1421 1784 1475 1825 non

356 1877 449 1934 solum
464 1875 609 1936 Platonici
625 1895 734 1947 omnes,
751 1876 803 1934 sed
818 1876 905 1934 etiam
922 1866 1067 1935 Eusebius
1084 1869 1139 1955 (pr.
1156 1896 1199 1935 ev.
1216 1878 1262 1935 10.
1277 1878 1295 1936 9
1309 1869 1362 1955 al.)
1379 1885 1410 1935 et
1421 1880 1477 1936 Au·

355 1988 488 2066 gustinus
504 1980 550 2067 (de
562 1987 614 2046 civ.
628 1987 674 2044 dei
690 1989 737 2057 10,
752 1989 800 2046 32.
821 1988 868 2058 19,
883 1978 938 2065 22)
951 1987 1064 2066 magnis
1080 1986 1215 2046 laudibus
1230 1987 1356 2045 efferunt
1370 1995 1401 2046 et
1415 1989 1478 2065 ipsa

354 2097 408 2154 viri
425 2097 533 2175 scripta
549 2097 647 2156 omnia
662 2098 862 2156 demonstrant
867 2117 875 2168 ;
891 2097 922 2154 in
935 2097 1035 2155 eodem
1046 2116 1114 2156 vero
1125 2097 1223 2156 iudicii
1235 2098 1328 2156 aciem
1340 2100 1387 2158 vel
1404 2100 1477 2158 Iam·

355 2208 468 2267 blichus
482 2217 511 2266 et
520 2209 662 2267 Proculus
676 2215 704 2266 et
715 2207 868 2284 Eunapius
884 2207 1103 2281 desiderabant3
1120 2228 1155 2266 ex
1170 2208 1265 2267 alieno
1281 2209 1374 2287 magis
1391 2229 1477 2286 quarn

356 2339 391 2376 ex
407 2338 457 2377 suo
473 2317 579 2376 iudicio
601 2319 720 2377 stetisse
735 2318 823 2375 etiam
839 2318 875 2375 ab
892 2318 1035 2377 Romanis
1049 2319 1270 2378 existimabatur
1285 2312 1414 2398 (Eunap.
1428 2321 1476 2380 vit.

355 2429 463 2506 Porph.
477 2450 508 2506 p.
526 2431 597 2488 456.
615 2430 652 2488 51
667 2447 731 2504 sqq.
749 2428 793 2486 ed.
809 2429 906 2488 Boiss.
921 2422 959 2506 2).
987 2429 1066 2503 Quid
1080 2429 1170 2507 igitur
1183 2430 1296 2500 mirum,
1313 2431 1340 2488 si
1355 2432 1477 2489 aliorum

355 2531 472 2598 fraudes
495 2538 524 2597 ei'
542 2540 751 2617 imponebant?
782 2539 919 2598 Gennina
941 2558 1007 2598 esse
1027 2541 1162 2598 credebat
1184 2539 1316 2617 Orphica
1338 2540 1476 2611 carmina,

355 2651 512 2728 genuinum
528 2628 791 2711 Sanchoniathonis
807 2651 913 2710 librum
930 2643 1050 2727 (Euseb.
1066 2672 1110 2730 pr.
1127 2671 1169 2710 ev.
1185 2653 1201 2711 I
1217 2653 1245 2723 9,
1260 2653 1292 2711 X
1310 2645 1376 2731 11),
1393 2672 1476 2731 quem

355 2764 392 2819 ab
404 2762 553 2822 Herennio
565 2764 690 2821 Philone
704 2763 804 2820 fictum
819 2781 884 2822 esse
897 2762 1014 2822 Movers
1029 2761 1065 2820 de
1076 2764 1271 2821 Phoenicibus
1282 2764 1298 2821 Ι
1311 2784 1341 2840 p.
1354 2765 1476 2823 125-29

356 2873 565 2931 demonstravit
570 2894 579 2943 3
593 2872 721 2950 genuina
731 2874 900 2937 Aristotelis
912 2880 1065 2944 zetemata,
1082 2891 1156 2949 quae
1168 2875 1268 2951 spuria
1279 2893 1344 2933 esse
1356 2894 1375 2932 a
1385 2875 1478 2933 Lehr·

322 2960 326 2966 Ι
357 2982 400 3039 sio
416 2982 580 3040 Aristarchi
595 3003 623 3059 p.
642 2983 700 3040 227
718 2990 747 3040 et
761 2982 825 3040 val.
842 2983 933 3041 Rosio
954 2983 989 3041 de
1009 2984 1130 3043 Aristot.
1147 2964 1213 3044 libr.
1230 2986 1292 3043 ord.
1309 2993 1339 3043 et
1353 2986 1477 3043 auctori·

357 3099 417 3148 tate
433 3084 542 3169 (Berol.
556 3085 648 3171 1854)
664 3113 692 3168 p.
709 3094 745 3151 69
763 3093 912 3151 intellecta
927 3101 1006 3165 sunt,
1021 3096 1175 3172 genuinam
1192 3087 1311 3173 (Porph.
1324 3096 1376 3154 vit.
1388 3097 1476 3173 Pyth.

357 3218 419 3279 cap.
434 3194 464 3280 2)
480 3202 664 3280 Pythagorae
678 3202 783 3274 vitam,
800 3223 886 3280 quam
902 3205 1075 3281 Apollonius
1091 3204 1258 3283 Tyanensis
1273 3224 1292 3263 a
1306 3190 1477 3283 Trophonio

357 3313 413 3373 sibi
428 3314 525 3371 datam
541 3332 606 3373 esse
620 3314 839 3390 praedicaverat
854 3309 1005 3393 (Philostr.
1021 3316 1071 3373 vit.
1088 3318 1184 3393 Apoll.
1203 3318 1230 3375 8.
1251 3317 1298 3374 19.
1316 3309 1356 3392 3).
1388 3316 1479 3376 Sacra

356 3426 526 3501 praesertim
542 3427 672 3484 earmina
691 3432 721 3483 et
735 3444 858 3484 arcanae
877 3425 1080 3502 philosophiae
1099 3426 1168 3485 libri
1188 3427 1355 3485 iamdudum
1376 3435 1407 3485 et
1421 3428 1478 3486 diis

357 3542 386 3592 et
399 3537 513 3595 vatibus
533 3537 638 3612 priscis
660 3537 814 3613 supposita
828 3544 919 3594 erant.
951 3535 1088 3595 Clemens
1103 3538 1150 3595 Al.
1167 3545 1267 3596 strom.
1287 3541 1313 3595 l.
1332 3539 1382 3596 21.
1403 3542 1477 3597 131:

356 3637 572 3729 Ὀνομάκριτος
594 3645 613 3703 ὁ
633 3637 798 3720 Ἀθηναῖος,
826 3634 860 3703 οὗ
882 3641 924 3704 ταὶ
947 3646 986 3716 εἰς
1008 3638 1123 3729 Ὀρφέα
1150 3642 1298 3731 φερόμενα
1319 3643 1478 3733 ποιήματα

355 3749 479 3839 λέγεται
495 3748 569 3814 εἶναι
586 3800 592 3814 .
608 3800 614 3814 .
635 3753 686 3815 καὶ
699 3743 768 3826 τοὺς
784 3750 837 3841 μὲν
852 3750 1088 3840 ἀναφερομένους
1103 3757 1142 3826 εἰς
1156 3750 1313 3816 Μουσαῖον
1327 3754 1479 3844 χρησμοὺς

271 3861 274 3868 ’
357 3856 575 3948 Ὀνομακρίτου
591 3859 665 3924 εἶναι
680 3861 814 3950 λέγουσι,
831 3863 885 3926 τὸν
900 3860 1050 3951 Κράτητα
1066 3851 1099 3925 δὲ
1114 3862 1168 3925 τὸν
1183 3860 1317 3951 ’Ὀρφέως
1331 3861 1477 3952 Ζωπύρου

356 3977 410 4030 τοῦ
427 3966 652 4055 Ἡρακλεώτου,
672 3971 727 4042 τήν
746 3994 783 4034 τε
804 3978 843 4047 εἰς
856 3962 961 4035 Ἅιδου
981 3971 1150 4057 κατάβασιν
1169 3963 1319 4061 Προδίκου
1339 3982 1396 4037 τοῦ
1416 3972 1478 4037 Σα-

358 4078 434 4166 μίου.
457 4072 525 4140 Ἴων
541 4068 574 4141 δὲ
589 4084 604 4141 ὁ
620 4078 694 4154 Χῖος
709 4084 739 4143 έν
754 4092 818 4156 τοῖς
831 4081 1028 4172 τριγροίμμοις
1043 4082 1226 4166 (emendatur
1236 4094 1396 4172 τριαγμοῖς
1410 4090 1476 4148 coll.

356 4194 442 4272 Diog.
461 4194 516 4251 La.
539 4196 566 4253 8.
587 4188 621 4273 8)
641 4192 692 4253 καὶ
712 4189 894 4280 Πυθαγόραν
916 4192 981 4275 (Ιοη
1001 4200 1097 4257 dicere
1117 4200 1240 4258 debebat
1259 4199 1477 4279 Pythagoreum

357 4297 515 4381 quendam)
533 4304 571 4374 εἰς
587 4297 701 4388 ’Ὀρφέα
716 4304 885 4390 ἀνενεγκεῖν
905 4326 972 4364 τινα
994 4307 1111 4392 ἱστορεῖ.
1139 4302 1294 4393 Ἐπιγένης
1315 4294 1348 4367 δὲ
1369 4309 1478 4380 ἐντοῖς

357 4410 421 4506 aspi
435 4420 489 4484 τῆς
505 4416 544 4485 εἰς
555 4408 669 4499 Ὀρφέα
683 4411 828 4485 ποιήσεως
840 4410 1002 4501 Κέρκωπος
1017 4411 1091 4477 εἶναι
1105 4413 1187 4504 λέγει
1201 4422 1256 4476 τοῦ
1268 4411 1477 4505 Πυθαγορείου

294 4537 300 4602 j
357 4518 412 4589 τὴν
428 4525 466 4593 εἰς
480 4510 583 4583 Ἅιδου
599 4520 767 4603 κατάβασιν
782 4523 832 4585 καὶ
846 4522 900 4585 τὸν
915 4524 990 4610 ἱερὸν
1005 4524 1110 4613 λόγον,
1125 4524 1178 4587 τὸν
1194 4513 1227 4587 δὲ
1241 4514 1357 4589 etnim
1372 4526 1478 4589 καὶτὰ
