3592 5400
799 659 910 705 nonan.
1296 643 1337 704 aa

406 851 486 917 Ibid
507 851 577 917 Lin.
601 855 652 917 21.
676 854 732 916 nal
757 859 858 934 συνῆν
873 899 980 916 .....
993 851 1086 939 μέχρι
1108 852 1258 936 τελευτῆς
1275 854 1336 918 αι)-

363 993 419 1054 τοῦ
444 993 574 1076 χρόνον.
598 992 648 1057 Ita
670 990 737 1058 MS.
760 990 868 1079 Adjeoi
891 992 1061 1058 articulum

406 1268 485 1335 Ibid.
516 1269 585 1335 Lin.
616 1273 667 1335 23.
699 1268 900 1354 Εἷκοσαέτης
930 1276 1114 1356 τυγχάνων.
1140 1272 1206 1339 MS.
1230 1272 1338 1341 Versio

363 1409 402 1475 V.
432 1409 468 1474 L.
503 1432 572 1475 cum
602 1433 693 1497 eoque
722 1434 818 1477 ουυνε
846 1412 961 1497 υὲγιινί
989 1420 1130 1478 ocreatus
1162 1421 1224 1492 cot,
1257 1415 1338 1480 ιιόυι

361 1552 429 1636 ipsc
466 1550 614 1616 declarat.
653 1550 887 1618 Pseudo-Amm.
922 1550 1175 1632 τελευτήσαντος
1209 1552 1244 1617 δέ
1281 1562 1336 1619 τοῦ

362 1693 561 1774 Σωκράτους
584 1700 683 1774 φοιτᾷ
706 1688 879 1770 Πλάτωνι,
906 1694 960 1755 καὶ
986 1693 1090 1776 τούτῳ
1110 1695 1259 1759 σύνεστιν
1280 1693 1337 1778 ἔτη

364 1828 405 1893 κ’.
443 1830 569 1916 Dionys.
601 1831 700 1897 Halic.
736 1834 792 1896 καὶ
824 1834 1001 1907 συσταθεὶς
1031 1830 1189 1898 Πλάτωνι
1220 1839 1336 1920 χρόνον

363 1973 529 2052 εἰκοσαετῆ
555 1968 704 2056 διέτριψε
729 1972 787 2036 σάν
808 1970 909 2055 αὐτῷ.
932 1972 1111 2038 Aristoteles
1127 1974 1337 2060 septemdecim

362 2132 457 2176 annos
480 2116 570 2175 natus
592 2110 724 2177 Socratis
747 2111 782 2177 fit
802 2111 985 2199 discipulus,
1004 2118 1038 2178 ut
1056 2118 1158 2177 noster
1175 2112 1338 2190 fabulatur,

362 2271 414 2338 per
444 2255 504 2314 tres
534 2271 644 2315 annos:
673 2250 784 2337 viginti
814 2273 909 2315 annos
932 2257 1020 2316 natus
1044 2251 1160 2316 audivit
1182 2250 1338 2316 Platonem

360 2412 413 2476 per
442 2411 536 2454 annos
565 2389 681 2476 viginti.
705 2388 795 2453 Unde
817 2389 963 2475 conjicere
986 2387 1072 2465 lieet,
1095 2388 1168 2453 olim
1192 2391 1338 2476 scriptum

360 2528 455 2593 luisse
486 2530 542 2590 καὶ
574 2535 676 2609 συνῆν
708 2533 813 2611 τούτῳ
844 2529 902 2591 τὸν
929 2526 1023 2613 μέχρι
1057 2525 1206 2609 τελευτῆς
1237 2526 1337 2592 αὐτοῦ

363 2671 480 2753 χρόνον
504 2667 626 2733 εἴκοσιν
652 2666 708 2752 ἔτη
729 2669 913 2750 εἰκοσαετῆς
933 2673 1118 2754 τυγχάνων.
1139 2674 1170 2735 et
1189 2668 1261 2734 hinc
1278 2668 1338 2734 for-

361 2815 441 2874 tasse
473 2809 564 2875 fluxit
595 2814 735 2875 accentus
768 2810 892 2886 vitium,
923 2808 1003 2895 qnod
1025 2807 1113 2874 habet
1138 2805 1334 2891 εἰκοσαέτης.

362 2947 427 3020 Qui
455 2954 556 3014 tamen
587 2949 731 3014 continno
762 2950 946 3030 εἷκοσαετῆς
975 2953 1147 3032 τυγχάνων
1171 2969 1223 3035 per
1245 2969 1338 3011 annos

362 3088 472 3175 viginti
503 3086 624 3153 Platoni
657 3085 876 3165 συγγενέσθαι
908 3088 1031 3174 potuit?
1062 3087 1170 3173 Itaque
1191 3084 1263 3150 haec
1286 3109 1336 3173 po-

362 3232 470 3292 strema
501 3225 640 3291 videntur
672 3225 812 3305 delenda3
843 3225 926 3311 quod
950 3228 975 3290 si
999 3248 1036 3291 ex
1059 3233 1159 3290 mente
1181 3224 1336 3312 biographi

362 3366 444 3452 (vido
462 3387 531 3430 mox
544 3371 863 3449 τεσσαράκοντοιέτης
876 3362 1115 3449 Ἀριστοτέλης
1128 3372 1226 3447 φοιτᾷ
1239 3360 1336 3427 Πλά-

361 3503 453 3591 τωνι)
479 3504 623 3569 servanda
645 3505 721 3581 sint,
746 3502 967 3591 transponenda
984 3510 1014 3567 et
1034 3501 1160 3590 legenda
1179 3512 1250 3566 sunt
1269 3507 1338 3566 ante

361 3643 450 3709 verba
481 3646 536 3707 καὶ
567 3652 669 3725 συνῆν
701 3649 806 3727 τούτῳ
837 3669 868 3707 κ.
899 3668 929 3707 τ.
962 3647 1003 3722 εἰ,
1036 3648 1066 3708 et
1096 3643 1140 3707 sic
1171 3664 1202 3706 se
1232 3639 1338 3707 habeat

360 3784 459 3849 locus:
493 3787 574 3866 μετά
606 3781 640 3847 δέ
677 3790 791 3850 τοῦτον
828 3792 926 3867 φοιτᾷ
962 3780 1120 3847 Πλάτωνι
1153 3783 1336 3862 εἷκοσαετῆς

361 3930 547 4008 τυγχάνων,
569 3926 625 3987 καὶ
646 3931 747 4005 συνῆν
766 3925 871 4005 τούτῳ
890 3923 948 3986 τὸν
966 3920 1058 4006 μέχρι
1074 3920 1222 4001 τελευτῆς
1236 3919 1335 3985 αὐτοῦ

361 4068 478 4150 χρόνον
503 4063 625 4128 εἴκοσιν
650 4062 718 4146 ἔτη.
745 4062 885 4128 Ceterum
909 4061 1126 4128 observandum
1146 4068 1192 4126 est
1210 4060 1335 4148 Apollo-

359 4203 464 4268 dorum
487 4203 520 4267 in
541 4201 701 4267 Chronicis
726 4200 816 4289 (apud
841 4200 1008 4289 Diogenem
1027 4200 1197 4283 Laertium)
1222 4199 1335 4278 dicere,

358 4342 551 4409 Aristotelem
574 4341 784 4428 septemdecim
808 4363 903 4405 annos
925 4346 1030 4405 natum
1052 4341 1161 4405 adiisse
1176 4339 1333 4403 Platonem

358 4488 389 4547 at
422 4504 474 4570 per
507 4482 616 4569 viginti
651 4503 745 4545 annos
778 4479 869 4566 hujus
902 4479 1018 4546 scholas
1049 4480 1260 4565 frequentasse.
1292 4514 1335 4525 -
