3592 5400
742 529 784 569 or:
803 528 913 571 inuno.
1327 505 1389 570 203

270 706 318 764 ap.
331 686 442 743 Enseu.
454 703 498 760 pr.
511 702 555 742 ev.
569 685 586 742 3
599 703 628 759 p.
642 683 721 741 lito
731 682 812 761 viga
828 674 999 764 περιέθεσαν
1015 665 1189 759 δὲΔροΙΙίιιί
1199 677 1255 746 την
1267 666 1389 764 δάφνην

270 799 363 854 τοῦτο
379 788 449 876 μέν,
470 788 518 850 ὅτι
531 788 622 875 πιρὸς
635 791 745 875 πληφες
759 788 794 850 τὸ
811 787 920 875 φυτόν,
942 787 992 848 καὶ
1005 775 1058 849 διὰ
1076 795 1169 849 τοῦτο
1185 784 1310 874 ἀπεχθὲς
1326 776 1390 850 δαί·

271 923 349 989 μοοι·
363 908 456 961 τοῦτο
472 887 522 973 δέ,
544 899 591 960 ὅτι
610 896 705 960 λάλον
724 900 848 985 καίομεν
870 903 910 972 εἰς
924 895 1110 986 παράστασιν
1124 905 1179 959 τοῦ
1194 895 1390 985 προφητεύειν

270 1012 322 1073 τὸν
339 1007 414 1073 θεόν.
437 1008 500 1092 (De
515 1014 628 1091 crepitu
647 1014 724 1072 infra
743 1007 866 1091 dicam.)
903 1014 970 1072 Non
990 1014 1083 1072 solum
1099 1013 1222 1072 somniis
1238 1014 1389 1073 veritatem

270 1128 411 1185 advocare
424 1126 591 1201 putabatur,
607 1132 639 1182 ut
654 1125 697 1184 ait
710 1125 845 1202 Fulgent.
861 1125 952 1201 myth.
973 1128 999 1194 l,
1019 1127 1070 1182 13:
1090 1124 1167 1197 „illi,
1184 1124 1234 1198 qui
1249 1123 1285 1181 de
1300 1125 1388 1182 inter·

270 1237 433 1314 pretatione
448 1236 625 1294 somniorum
637 1232 867 1312 scripserunt..“
884 1234 1032 1292 affirmant
1049 1235 1190 1308 ,laurum
1206 1234 1233 1293 si
1245 1235 1387 1293 dormien-

271 1348 349 1406 tibus
362 1347 401 1404 ad
416 1355 504 1422 caput
517 1347 661 1423 posueris,
678 1366 745 1404 vera
759 1347 872 1404 somnia
887 1364 954 1403 esse
969 1343 1155 1415 visuros,“-
1169 1346 1321 1433 sedetiam
1336 1366 1389 1423 per

271 1466 361 1515 totam
376 1457 580 1531 antiquitatem
601 1459 632 1515 in
653 1456 732 1513 nullo
748 1456 936 1514 divinationis
955 1475 1062 1534 genere
1080 1474 1208 1532 unquam
1228 1456 1343 1526 deerat,
1359 1464 1389 1515 et

270 1569 315 1625 rel
329 1568 417 1625 tertio
437 1576 505 1643 post
519 1566 589 1625 Chr.
605 1587 634 1624 n.
650 1568 767 1625 saeculo
782 1586 818 1624 ex
832 1566 942 1624 laureis
964 1566 1054 1642 virgis
1074 1585 1178 1625 mensa
1197 1566 1249 1623 illa
1270 1567 1389 1624 fatidica

271 1677 508 1754 philosophorum
525 1676 912 1755 constantinopolitanorum
933 1696 980 1752 ap.
998 1679 1092 1733 Amm.
1108 1678 1199 1735 Marc.
1217 1677 1271 1746 29,
1296 1680 1308 1734 l
1317 1720 1327 1747 ,
1349 1678 1387 1735 99

271 1796 332 1845 erat
347 1788 519 1863 composita.
554 1786 673 1846 Scilicet
687 1789 775 1845 etiam
791 1788 907 1856 laurus,
929 1794 961 1843 ut
976 1794 1050 1855 ruta,
1066 1794 1146 1856 tura,
1162 1787 1328 1856 stelliones,
1351 1788 1389 1846 ad

270 1899 433 1976 augendam
444 1899 590 1956 oculorum
602 1898 694 1955 aciem
705 1898 906 1956 adhibebatur.
931 1897 1062 1955 Galenus
1080 1897 1125 1955 ed.
1139 1896 1245 1953 Kuehn
1259 1906 1327 1954 tom.
1341 1901 1387 1968 14,

270 2029 297 2085 p.
314 2010 386 2067 497.
410 2009 518 2084 Pythia
531 2009 640 2085 aliique
654 2017 736 2067 vates
758 2009 870 2065 laurum
890 2007 1075 2065 mandebant.
1114 2007 1213 2081 Quare
1229 2006 1388 2084 Sophocles

271 2139 316 2196 ap.
333 2121 395 2178 sch.
410 2120 531 2179 Hesiod.
548 2121 643 2197 theog.
660 2121 714 2177 30:

517 2214 632 2312 δάφνην
647 2224 752 2312 φαγὼν
767 2213 867 2286 ὀδόντι
882 2233 949 2311 πρῖε
963 2223 1000 2286 τὸ
1017 2222 1125 2312 στόμα,

271 2348 298 2398 et
312 2340 488 2419 Lycophron
504 2341 588 2399 Alex.
606 2341 639 2397 6:

517 2434 722 2533 δοιφνηφάγων
738 2437 877 2532 φοίβοιζεν
893 2447 928 2508 ὲκ
943 2448 1059 2534 λαιμῶν
1074 2445 1143 2508 ὅποι.

331 2563 432 2621 Etiam
443 2562 481 2619 ad
487 2561 676 2619 lustrationes
689 2580 788 2619 omnes
801 2580 880 2619 ramo
892 2563 991 2619 laureo
1003 2581 1076 2637 opus
1088 2573 1159 2619 erat.
1184 2561 1228 2620 cf.
1242 2562 1388 2620 Lomeieri

271 2675 304 2732 de
323 2675 440 2732 lustrat.
461 2691 524 2749 cap.
542 2673 591 2742 24,
606 2691 672 2750 pag.
691 2672 762 2730 999.
784 2673 831 2730 Ita
850 2672 957 2730 Festus
981 2667 1031 2750 (P.
1047 2665 1150 2750 Diae.)
1171 2691 1195 2731 s.
1207 2692 1233 2732 v.
1250 2673 1387 2733 laureati:

272 2785 429 2859 ,Laureati
444 2783 553 2843 milites
569 2785 765 2860 sequebantur
776 2802 888 2841 currum
902 2784 1118 2860 triumphantis,
1134 2791 1166 2842 ut
1177 2785 1261 2861 quasi
1272 2786 1388 2864 purgati

270 2896 391 2953 acaede
409 2895 536 2952 humana
554 2895 696 2952 intrarent
715 2895 824 2952 urbem.
862 2895 965 2969 Itaque
985 2897 1106 2955 eandem
1126 2877 1239 2954 laurum
1255 2897 1388 2955 omnibus

270 3006 466 3064 suffitionibus
481 3005 612 3062 adhiberi
627 3005 744 3063 solitum
760 3003 840 3063 erat“
856 3051 862 3064 .
909 3006 994 3079 Quae
1006 3026 1042 3064 ex
1055 3008 1185 3066 Masurio
1199 3009 1306 3067 hausta
1322 3027 1387 3068 esse

269 3118 347 3175 Plin.
363 3136 393 3173 n.
405 3117 434 3173 h.
455 3116 501 3185 15,
519 3117 568 3185 30,
586 3116 624 3174 39
641 3117 754 3191 probat.
779 3115 860 3175 Serv.
876 3117 914 3173 ad
929 3118 1002 3176 Aen.
1022 3120 1050 3193 1,
1066 3119 1143 3176 329:
1160 3120 1288 3194 Apollini
1307 3121 1387 3193 „lau-

269 3247 332 3285 rum
346 3227 412 3285 ideo
428 3234 625 3284 consecratam
640 3227 757 3298 volunt,
778 3228 846 3301 quia
860 3229 932 3285 haec
947 3229 1034 3286 arbor
1047 3229 1221 3288 suffimentis
1241 3230 1388 3306 purgatio·

268 3339 412 3413 nibusque
427 3337 606 3405 adhibeatur,
623 3345 655 3393 ut
669 3336 847 3406 ostendatur,
864 3337 974 3393 nullum
988 3338 1127 3412 templum
1140 3339 1202 3396 eius
1216 3339 1271 3396 nisi
1282 3358 1387 3414 purum

270 3560 390 3635 poribus
405 3577 424 3615 a
438 3557 560 3618 Graecis
575 3558 673 3615 fiebat.
697 3558 813 3615 Primus
828 3558 934 3633 Apollo
949 3558 1012 3633 ipse
1027 3559 1065 3616 ab
1079 3559 1147 3616 Iove
1162 3558 1260 3617 iussus
1275 3560 1388 3637 Tempe

269 3688 301 3727 se
320 3669 458 3738 contulit,
479 3676 511 3725 ut
530 3669 611 3725 lauro
634 3687 666 3726 se
685 3668 829 3743 Pythonis
852 3670 940 3726 caede
959 3678 1110 3746 purgaret,
1131 3687 1218 3744 quam
1234 3689 1295 3727 rem
1311 3690 1386 3728 nono

267 3798 382 3855 quoque
402 3798 479 3837 anno
498 3779 699 3836 adolescentes
719 3778 829 3855 Delphi
849 3780 954 3837 itinere
978 3780 1102 3836 solemni
1123 3780 1159 3836 ad
1180 3780 1285 3837 vallem
1304 3780 1386 3838 illam

267 3890 343 3948 facto
358 3889 548 3948 imitabantur
564 3881 689 3967 (Aelian.
707 3909 767 3948 var.
784 3890 852 3948 hist.
867 3892 895 3958 3,
916 3885 953 3965 1).
988 3887 1048 3948 Cur
1062 3910 1125 3948 eam
1142 3890 1324 3967 potissimum
1341 3910 1386 3949 ar·

267 4002 366 4058 borem
378 4008 492 4057 veteres
503 4000 540 4057 ad
552 4001 628 4057 hanc
638 4018 699 4056 rem
711 3999 880 4077 elegissent,
896 3999 954 4075 ipsi
967 4009 1176 4078 cognoverunt:
1191 4011 1297 4080 purgat
1308 4003 1386 4060 enim

267 4110 440 4188 sanguinem
454 4110 692 4218 perniciososque
707 4128 808 4169 succos
823 4117 945 4168 amovet.
969 4110 1047 4169 Pliu.
1061 4130 1089 4169 n.
1102 4114 1131 4171 h.
1149 4114 1199 4183 23,
1216 4115 1244 4183 8,
1262 4115 1314 4171 80:
1330 4113 1386 4169 Fo-

266 4221 306 4280 lia
325 4221 402 4280 lauri
424 4220 622 4295 „serpentium
642 4221 761 4279 venenis
777 4221 959 4279 resistunt..
975 4267 981 4279 .
1005 4220 1185 4281 Perunctos“
1207 4240 1292 4280 succo
1312 4221 1386 4278 lauri

269 4331 403 4409 „fugiunt
418 4339 560 4387 venenata
575 4331 689 4387 omnia.
704 4373 731 4388 ..
762 4332 874 4389 Baccae
894 4351 959 4389 cum
979 4333 1045 4390 m'no
1061 4331 1243 4408 serpentibus
1264 4339 1293 4389 et
1308 4349 1385 4389 scor·

265 4442 403 4517 pionibus
419 4449 449 4498 et
462 4441 577 4499 araneis
592 4438 762 4499 resistunt.“
781 4435 874 4519 (Haec
894 4462 929 4500 ex
943 4442 1116 4501 Dioscoride
1135 4434 1255 4519 hausit.)
1279 4443 1312 4511 8,
1335 4443 1384 4513 tt,

266 4554 323 4611 41:
350 4550 483 4627 „Corvus
498 4552 593 4612 occiso
609 4551 826 4629 chamaeleone,
841 4554 892 4632 qui
907 4554 996 4611 etiam
1010 4553 1111 4621 victori
1125 4560 1223 4624 nocet,
1244 4553 1325 4617 lauro
1340 4553 1384 4612 iu·
