3592 5400
527 494 624 539 carm
637 497 670 540 11.
694 497 735 538 nu
749 497 906 540 moaoauu
921 497 1030 541 rouen.
1047 498 1200 543 amona.
1376 480 1417 546 ‘23

300 642 405 729 σοφίας
418 641 575 732 γεμόντων
588 647 675 731 ἡμεῖς
688 643 889 733 ἐπιτρίχομιν,
906 635 956 708 διὰ
969 645 1006 709 τὰ
1019 646 1060 733 μὴ
1070 645 1264 734 περὶτούτων
1277 645 1352 713 εἶναι
1362 650 1418 720 τὴν

298 750 447 840 πρόθεσιν,
463 751 568 836 (ἀλλὰ)
582 763 637 828 τῆς
652 754 734 817 κατὰ
747 754 803 826 τὴν
818 752 923 843 Στύγα
938 746 1114 845 ἐξηγήσεως.
1136 762 1270 822 Dixisset
1288 765 1351 824 sine
1366 765 1417 824 du·
1483 748 1493 761 ’
1534 829 1538 840 ,

299 868 365 938 bio,
385 888 417 927 se
431 869 507 927 alias
522 870 559 926 de
573 869 620 927 his
635 869 721 927 rebus
736 871 918 946 disputasse,
940 871 966 930 si
987 880 1056 930 ante
1070 872 1144 930 illud
1158 880 1273 951 tempus
1287 874 1416 935 fecisset.

298 982 392 1038 Immo
411 980 469 1037 iam
489 980 673 1039 tuncmains
693 981 729 1038 de
749 1000 784 1038 ea
798 1001 830 1039 re
844 1000 917 1058 opus
936 981 1034 1039 animo
1056 992 1227 1060 conceperat
1240 986 1417 1069 maiorisque
1492 1018 1496 1033 ·

299 1089 370 1148 libri
384 1090 462 1147 hunc
475 1090 609 1149 libellum
623 1092 708 1166 quasi
722 1109 941 1166 praecursorem
952 1111 1018 1152 esse
1028 1094 1129 1152 voluit.
1152 1093 1230 1153 Nam
1240 1095 1272 1152 in
1283 1096 1348 1172 ipso
1359 1097 1418 1154 tine

298 1202 357 1258 ait:
378 1193 459 1257 ἀλλά
477 1197 544 1282 περὶ
563 1194 616 1283 μὲν
636 1194 746 1258 τούτου
768 1194 819 1279 (de
839 1203 951 1261 occulto
971 1205 1131 1261 carminum
1142 1205 1228 1264 Hom.
1250 1198 1355 1282 sensu)
1378 1205 1417 1276 εἰς

299 1310 375 1378 ὅλην
389 1306 598 1397 πραγματείαν
612 1303 795 1394 ὑπερκείσθω
809 1306 846 1369 τὸ
862 1305 1052 1396 σύγγραμμα
1083 1315 1167 1388 Quae
1181 1318 1270 1374 verba
1285 1315 1417 1376 Gilders-
1501 1298 1503 1301 ¹

299 1424 411 1482 leevius
426 1443 454 1499 p.
468 1425 486 1481 9
503 1425 637 1500 cognovit
647 1441 705 1480 non
717 1423 933 1481 adolescentem
944 1423 1080 1499 prodere,
1096 1425 1149 1484 sed
1163 1424 1309 1485 hominem
1320 1433 1417 1484 aetate
1478 1402 1483 1409 ’

298 1534 523 1611 provectiorem,
539 1533 590 1607 qui
604 1533 642 1590 ad
657 1541 767 1590 certum
782 1552 854 1609 opus
869 1534 954 1608 quasi
969 1552 1001 1591 se
1015 1535 1189 1613 accingeret.
1433 1521 1435 1525 ¹

364 1645 399 1702 In
414 1645 489 1702 libro
504 1644 540 1700 de
555 1638 646 1719 Styge
660 1643 750 1720 igitur
763 1661 852 1718 quum
867 1651 990 1718 utroque
1004 1645 1217 1722 interpretandi
1227 1665 1334 1723 genere
1346 1665 1417 1706 usus
1508 1644 1511 1650 ’

299 1761 396 1824 esset,
408 1755 447 1812 ad
457 1754 596 1822 alterum,
608 1753 628 1810 i.
641 1773 666 1810 e.
678 1753 1034 1830 philosophicum,solum
1046 1756 1249 1814 commentatio
1261 1756 1302 1813 de
1312 1764 1417 1815 antro

299 1863 565 1941 Nympharum*
584 1883 631 1939 ap.
648 1863 735 1922 Hom.
754 1861 811 1921 Od.
833 1866 880 1922 13.
900 1864 1045 1923 96-112
1066 1866 1203 1940 pertinet.
1232 1864 1291 1925 Sed
1310 1867 1356 1924 vel
1375 1867 1417 1926 ibi

299 1975 525 2050 explicationem
539 1973 771 2050 philosophicam
785 1971 916 2031 defendit
930 1982 1078 2053 tamquam
1092 1993 1211 2033 causam
1225 1975 1336 2035 dicens.
1365 1977 1418 2035 Ait

299 2086 394 2156 enim,
410 2103 498 2159 quum
514 2104 613 2155 nemo,
629 2084 678 2159 qui
693 2085 822 2143 Ithacum
837 2084 964 2143 insulam
979 2084 1100 2161 viderit,
1115 2084 1271 2159 quidquam
1286 2085 1322 2142 de
1333 2093 1416 2144 antro

299 2196 351 2253 illo
363 2195 544 2271 compererit,
557 2195 640 2268 sequi
652 2202 685 2253 ut
696 2195 775 2252 aliud
786 2195 898 2270 aliquid
910 2197 964 2254 sub
976 2195 1097 2253 Homeri
1108 2193 1304 2291 descriptione
1314 2197 1415 2254 lateat.

299 2301 404 2380 Itaque
418 2305 544 2364 animam
559 2282 669 2364 elsim.
685 2305 843 2382 significari
859 2313 968 2365 censet.
997 2307 1156 2364 Praeterea
1169 2306 1228 2363 iam
1242 2306 1283 2364 ibi
1298 2307 1416 2364 deorum

298 2424 432 2473 naturam
444 2416 646 2492 philosophice
657 2416 802 2492 explicare
814 2416 924 2491 coepit,
943 2416 1021 2473 velut
1035 2435 1064 2491 p.
1078 2416 1148 2474 270.
1161 2415 1260 2474 'Holst
1273 2417 1330 2474 ait:
1346 2409 1417 2498 ppi-

300 2543 380 2594 νησις
400 2510 434 2583 δὲ
452 2525 471 2591 ἡ
487 2517 611 2601 Ἀθηνᾶ,
631 2534 661 2584 et
680 2527 767 2602 paulo
787 2532 869 2597 ante,
890 2527 971 2603 leges
991 2526 1134 2600 quasdam
1152 2532 1276 2583 naturae
1297 2523 1416 2585 Saturni

299 2634 460 2715 significari
473 2636 682 2713 amputatione.

363 2748 504 2806 Maiorem
519 2754 617 2805 autem
628 2748 749 2818 librum,
765 2766 851 2822 quem
865 2747 896 2804 in
909 2755 981 2805 extr.
994 2748 1031 2804 de
1043 2745 1133 2825 Styge
1144 2765 1247 2805 comm.
1262 2745 1416 2822 promittit,

299 2879 367 2917 eum
381 2876 447 2917 esse
461 2839 570 2917 Goens.
586 2878 615 2934 p.
631 2858 689 2917 122
705 2865 804 2935 putat,
819 2876 906 2933 quem
921 2856 1028 2917 Suidas
1042 2853 1173 2939 περὶτῆς
1185 2848 1321 2940 Ὀμήρου
1332 2854 1418 2937 φιλο-

299 2964 404 3050 σοφίας
424 2969 563 3044 scriptam
584 2969 688 3026 tradat.
721 2961 799 3046 (lam
819 2969 971 3047 Longinus
992 2968 1262 3027 commentationem
1288 2966 1419 3024 ediderat
1521 3053 1524 3060 Ι

299 3079 487 3155 ίιιοοτίριοιιιι
513 3078 539 3136 εἰ
563 3071 724 3160 φιλόσοφος
743 3067 895 3161 Ὅμηρος,
921 3086 996 3137 teste
1017 3076 1109 3138 Suida
1129 3097 1153 3137 s.
1174 3072 1331 3158 Longino.)
1365 3081 1418 3138 At-

300 3208 357 3264 que
377 3208 442 3246 eam
461 3189 558 3265 ipsam
571 3188 692 3246 Homeri
713 3207 779 3247 esse
799 3189 903 3259 vitam,
927 3186 1001 3264 qua'e
1019 3189 1179 3247 Plutarcho
1201 3189 1289 3247 tribui
1308 3189 1416 3259 soleat,

300 3300 377 3358 Rud.
393 3297 526 3358 Schmidt
540 3298 571 3358 in
585 3317 712 3376 gymmn.
724 3298 910 3376 Francogall.
922 3298 1019 3357 Berol.
1033 3298 1274 3357 commentatione
1288 3306 1417 3357 auctum-

301 3410 504 3468 nalia.1850
524 3409 669 3485 sagaciter
688 3428 777 3484 quum
797 3409 863 3467 aliis
884 3408 1064 3485 argumentis
1084 3408 1203 3483 probat,
1225 3415 1286 3465 tum
1305 3408 1417 3466 duobus

300 3520 495 3597 gravissimis:
520 3518 622 3578 Circae
642 3518 864 3596 explicationem
885 3516 1131 3594 philosophicam,
1153 3536 1241 3592 quam
1262 3518 1311 3576 vit.
1329 3516 1416 3575 Hom.
1520 3588 1522 3592 Ι
1553 3552 1558 3564 ·

302 3648 364 3707 cap.
386 3631 443 3688 126
458 3631 612 3705 praebeat,
635 3629 798 3705 Porphyrio
813 3628 902 3686 tribui
916 3647 935 3685 a
949 3625 1076 3687 Stobaeo
1091 3628 1145 3683 ecl.
1157 3628 1242 3703 phys.
1259 3626 1417 3696 1.52.54;

301 3750 363 3797 tum
378 3740 536 3797 enneadem
548 3740 598 3798 vit.
612 3757 674 3816 cap.
691 3739 749 3798 145
762 3745 834 3797 extr.
848 3738 1002 3807 celebrari,
1018 3745 1051 3794 ut
1061 3756 1080 3794 a
1090 3738 1199 3812 Porph.
1211 3737 1263 3794 vit.
1275 3737 1352 3796 Plot.
1366 3736 1416 3794 24.

302 3850 340 3909 Η.
357 3850 382 3907 l..
392 3850 586 3925 Porphyrius:
609 3843 650 3906 τοὶ
662 3852 718 3906 τοῦ
733 3842 892 3905 Πλωτίνου
909 3842 1021 3925 βιβλία,
1042 3847 1151 3923 inquit,
1174 3829 1286 3903 διεῖλον
1306 3838 1359 3928 μὲν
1379 3844 1418 3914 εἰς

302 3945 335 4028 ἓξ
349 3943 502 4031 trucider,
523 3963 563 4037 τῇ
577 3951 749 4024 τελειότητι
763 3961 818 4015 τοῦ
833 3944 1006 4040 ἒξιάριθμοῦ
1026 3953 1077 4015 καὶ
1093 3961 1163 4025 ,ταῖς
1183 3953 1312 4014 ἐννεάσιν
1326 3948 1418 4039 ἀαγέ-

302 4087 357 4139 νως
368 4063 523 4151 ἐπιτυχών.
544 4069 585 4127 Io.
598 4069 673 4144 Lyd.
685 4069 824 4127 demens.
838 4070 867 4127 4.
881 4069 935 4127 78:
953 4058 1031 4136 θεῖος
1049 4064 1131 4136 ὁτῆς
1146 4049 1282 4135 ἐννεάδος
1296 4057 1418 4148 ἀριθμὸς

370 4265 382 4291 *
399 4263 445 4315 Ed.
457 4264 470 4316 Ι
480 4263 555 4316 Rom.
572 4263 645 4317 1518.
659 4262 699 4316 eh.
712 4262 736 4317 8.
755 4263 869 4333 Repetiit
879 4263 996 4315 Holsten.
1012 4266 1121 4331 utraque
1138 4261 1259 4315 editione.
1277 4257 1324 4313 Ed.
1336 4258 1369 4312 R.
1380 4258 1417 4312 M.

302 4365 353 4400 van
372 4348 469 4401 Goens.
493 4347 561 4401 Trai.
575 4363 599 4401 a.
612 4348 643 4401 R.
659 4346 731 4399 1765.
744 4341 822 4401 out.
840 4378 874 4388 --
890 4346 938 4401 Ed.
955 4347 1066 4401 Parisot.
1083 4346 1165 4399 Paris.
1179 4344 1252 4397 1845.
1265 4342 1290 4397 8.
1313 4342 1344 4395 In
1360 4342 1418 4395 hre-

301 4432 360 4484 rius
381 4432 484 4500 redegit
504 4431 605 4484 Psellus
627 4432 667 4484 ed.
686 4430 882 4485 Boissonadius.
905 4430 1070 4499 Norimberg.
1085 4429 1150 4483 1838
1166 4445 1192 4497 p.
1206 4426 1240 4480 52
1255 4442 1325 4495 sqq,
1349 4425 1418 4480 unde

304 4516 460 4586 Porphyrius
477 4516 611 4568 emendari
627 4520 714 4585 potest
731 4514 877 4585 aliquoties.
997 4557 1000 4561 .
1137 4525 1140 4530 '
1333 4536 1335 4541 ¹
