3592 5400
957 625 975 687 4

477 857 531 908 τος
555 834 610 898 καί
631 831 717 918 μέγα
737 830 924 916 δυναμένου
944 830 999 896 διὰ
1021 831 1179 917 Χαβρίαν
1201 833 1256 895 καί
1270 834 1450 914 Τιμόθεον,

476 973 550 1047 τούς
590 973 760 1056 Ἀθήνησι
801 976 1088 1056 στρατηγήσαντας
1129 973 1183 1034 καί
1228 974 1313 1034 κατὰ
1355 968 1451 1049 γένος

477 1111 565 1196 αὐτῷ
597 1117 832 1197 προσήκοντας.
868 1112 967 1175 Μετοί
991 1109 1026 1175 δέ
1051 1115 1110 1192 τὴν
1134 1107 1315 1185 Πλάτωνος
1338 1107 1452 1174 τελευ-

477 1254 550 1333 τῆν,
571 1253 785 1326 Σπειίσιππος
801 1253 861 1334 μὲν
878 1254 897 1314 ὁ
913 1250 1094 1325 Πλάτωνος
1111 1248 1318 1334 ἀδελφιδοῦς,
1342 1250 1451 1337 (ἐτυγ-

478 1414 556 1476 ηανε
577 1393 637 1477 γὰρ
659 1392 729 1466 υἱὸς
750 1389 796 1456 ῶν
817 1381 992 1475 Ποτῶνης,
1011 1396 1067 1472 τῆς
1084 1387 1225 1474 οὶδελφῆς
1242 1387 1449 1477 Πλάτωνος),

478 1526 666 1616 διαδέχεται
698 1535 757 1613 τῆν
790 1529 923 1617 σχολῆν,
957 1528 1194 1615 Ἀριστοτέλης
1223 1527 1257 1593 δὲ
1283 1526 1451 1593 στέλλεται

479 1671 524 1745 είς
554 1667 787 1751 Μακεδονίαν,
819 1673 1065 1754 μεταπεμφθείς
1095 1671 1158 1734 ὑπὸ
1191 1667 1374 1749 Φιλίππου,
1401 1669 1452 1752 ἐφ’

479 1795 507 1894 ᾧ
536 1810 593 1875 τὸν
624 1810 696 1875 υἱὸν
729 1808 829 1874 αὐτοῦ
861 1808 1049 1874 παιδεῦσαι·
1082 1811 1137 1873 καί
1161 1809 1261 1884 οὕτως
1283 1804 1323 1891 ῆν
1348 1809 1453 1891 τίμιος

481 1946 638 2034 Φιλίππῳ
669 1951 725 2013 καί
749 1947 963 2032 Ὀλυμπιάδι,
993 1951 1036 2025 ῶς
1059 1949 1241 2016 ἀναθεῖναι
1265 1947 1353 2034 αὐτῶ
1376 1955 1453 2032 μεθ’

480 2093 608 2156 ἑαυτῶν
632 2089 827 2177 αὐδριάντα.
853 2095 891 2154 ‘O
915 2090 949 2156 δέ
975 2089 1162 2176 φιλόσοφος,
1186 2089 1270 2175 μέγα
1292 2087 1387 2174 μέρος
1407 2088 1453 2155 ῶν

480 2237 537 2314 τῆς
570 2229 792 2322 βασιλείας,
824 2229 953 2316 ὀργάνῳ
977 2238 1018 2315 τῇ
1040 2229 1176 2313 δυνάμει
1201 2231 1279 2316 πρὸς
1303 2228 1454 2295 εὐποιίαν

480 2371 651 2457 έχρῆσατο,
672 2369 733 2437 ένα
753 2397 787 2436 τε
807 2368 946 2436 Γε’καστου
968 2369 1144 2456 εὐεργετῶν
1162 2373 1217 2434 καί
1235 2367 1345 2445 πόλεις
1361 2367 1453 2450 ὅλας,

481 2512 536 2576 καί
560 2516 687 2586 πάντας
706 2513 784 2595 ἅμα.
806 2512 892 2576 “ona
911 2515 971 2596 μέν
992 2514 1053 2598 γάρ
1075 2509 1214 2576 Γἕκαστον
1228 2507 1453 2596 εὐηργέτησεν,

480 2652 516 2717 αἱ
535 2650 755 2739 γεγραμμέναι
780 2651 868 2738 αὐτῷ
893 2653 972 2738 πρὸς
996 2652 1070 2727 τούς
1087 2648 1244 2739 βασιλέας
1262 2651 1336 2736 περί
1353 2674 1454 2717 τινων

482 2791 652 2857 ἐπιστολαί
681 2791 848 2877 δηλοῦσιν,
880 2794 940 2857 ὅσα
973 2793 1007 2857 δέ
1039 2790 1150 2868 πόλεις
1180 2790 1271 2872 ὅλας,
1297 2792 1338 2855 τά
1361 2794 1455 2855 Στά-

481 2958 574 3020 γειρα
599 2930 705 3017 δηλοῖ,
731 2935 786 2997 καί
811 2936 957 3019 Ἔρεσὸς,
982 2939 1003 3014 r}
1023 2934 1232 3020 Θεοφράστου
1252 2934 1307 2997 καί
1325 2932 1456 2998 Φανίου

481 3076 548 3140 τῶν
572 3072 671 3163 αὐτοῦ
694 3076 856 3158 μαθητῶν
881 3074 1012 3159 πατρίς·
1037 3079 1096 3154 τῆν
1117 3099 1151 3139 τε
1172 3076 1233 3158 γάρ
1254 3075 1371 3137 ἑαυτοῦ
1388 3098 1456 3136 πα-

481 3213 577 3301 τρίδα
608 3218 777 3300 Στάγειρα
810 3221 1077 3303 κατασκαφεῖσαν
1101 3213 1163 3278 ὑπὸ
1188 3210 1358 3277 Φιλίππου
1381 3212 1456 3278 πεί-

483 3361 538 3419 θει
570 3355 627 3421 τὸν
659 3353 892 3442 Ἀλέξανδρον
926 3353 1076 3441 δειίτερον
1101 3355 1239 3434 κτίζειν,
1265 3355 1321 3417 καὶ
1346 3355 1456 3440 χῶραν

484 3494 599 3582 ἑτέραν
631 3494 715 3579 αὐτῇ
746 3493 975 3581 προσδιδόναι,
1009 3494 1090 3561 ἀνθ’
1115 3481 1161 3560 ῶν
1185 3495 1217 3558 οἱ
1239 3497 1457 3578 Σταγειρίται

482 3642 570 3718 μῆνα
589 3638 852 3721 προσηγόρευσαν
873 3632 1156 3720 Ἀριστοτέλειον,
1178 3636 1233 3698 καί
1247 3637 1362 3719 ἑορτῆν
1375 3627 1455 3713 ῆγον

483 3774 749 3861 Ἀριστοτέλεια,
775 3777 830 3839 καὶ
855 3775 890 3839 ἐν
914 3772 1063 3839 Χαλκίδι
1088 3772 1339 3856 τελευτησαντος
1362 3799 1457 3855 μετε-

483 3914 659 3999 πέμψαντο
684 3915 720 3978 τὸ
744 3917 847 3998 σῶμα,
873 3916 928 3978 καί
952 3916 1060 3999 βωμὸν
1085 3911 1265 3997 ἐπέστησαν
1286 3919 1332 3998 τῷ
1350 3919 1454 3998 τάφῳ,

485 4057 539 4119 καί
575 4050 844 4138 Ἀριστοτέλειον
876 4057 933 4119 τὸυ
965 4057 1066 4119 τόπου
1099 4051 1270 4133 ἐκάλεσαν,
1303 4054 1358 4117 καί
1390 4053 1459 4117 ἐκεῖ

485 4198 544 4275 τῆν
576 4191 699 4279 βουλῆν
731 4191 901 4277 ἤθροιζον,
935 4194 991 4255 καί
1024 4193 1158 4277 Ἐρεσὸν
1186 4189 1370 4276 μέλλουσαν
1394 4192 1456 4255 ὑπὸ

487 4332 658 4398 Φιλίππου
689 4331 953 4417 πολιορκηθῆναι
985 4330 1111 4398 έπεισεν
1136 4331 1315 4417 οἰφεθῆυαι.
1339 4329 1457 4396 Πολλά

487 4473 521 4539 δέ
554 4476 610 4538 καί
642 4474 855 4558 Ἀθηναίους
888 4470 1099 4559 εὐηργέτησεν
1131 4471 1168 4540 ἐν
1199 4480 1268 4548 τοῖς
1291 4474 1370 4558 πρὸς
1395 4473 1458 4537 Φί-
