3592 5400
343 491 405 559 218
749 517 993 563 κυοιεκιικιιευνι
1011 520 1051 563 ιν.
1093 503 1098 509 “
1125 552 1130 560 ,

343 687 428 731 sacra
447 687 513 731 esse
531 669 667 732 facienda
681 665 817 740 ἑκάστοις
831 674 893 732 τῶν
909 664 985 731 θεῶν
999 669 1051 732 καὶ
1064 669 1149 733 παισὶ
1162 669 1282 735 τούτων
1303 669 1466 757 (heroibus)

343 775 394 839 καὶ
406 764 541 864 θαίμοσιι
557 784 576 842 4
588 801 617 858 p.
631 783 690 842 717
703 801 730 842 a.
744 783 923 843 venerandos
934 803 1001 844 esse
1011 785 1081 845 deos
1093 783 1264 867 Olympios,
1275 783 1465 872 πολιούχους,

342 894 562 964 subterraneos,
578 894 759 955 venerandos
773 894 945 965 daemones,
960 895 1078 967 heroes,
1093 904 1156 957 tum
1168 889 1253 966 θεοὺς
1262 893 1425 980 πατρῴους
1438 908 1466 963 et

341 1010 496 1080 parentes,
511 1003 531 1062 i.
544 1022 570 1065 ε.
586 1004 707 1065 numine
721 1004 832 1065 civitati
844 1006 1021 1076 commonia,
1036 1007 1107 1067 deos
1118 1007 1214 1086 gentis
1225 1015 1380 1085 patronos,
1396 1029 1464 1071 suos

342 1116 480 1190 cuiusque
494 1122 642 1190 parentes.
669 1115 746 1177 Tim.
759 1136 788 1192 p.
799 1117 853 1177 40:
869 1112 935 1198 περὶ
949 1109 1125 1175 τῶνᾶλλων
1140 1102 1291 1202 δαιμόνων
1306 1119 1401 1182 εἰπεῖν
1415 1117 1463 1179 καὶ

341 1228 452 1308 γνῶναι
470 1219 526 1290 τὴν
546 1218 659 1309 γένεσιν
682 1213 782 1309 μεῖζον
802 1218 822 1290 ἢ
843 1218 909 1284 καθ’
924 1227 1016 1310 ἡμεῖς·
1037 1221 1175 1286 πειστέον
1190 1212 1226 1287 δὲ
1239 1235 1303 1299 τοῖς
1317 1226 1462 1314 εἰρηκόσιν

342 1327 521 1418 ἔμπροσθεν,
539 1330 670 1419 ἐκγόνοις
686 1329 739 1419 μὲν
755 1328 830 1394 θεῶν
846 1324 942 1412 οὖσιν,
959 1337 999 1407 ὡς
1014 1338 1139 1420 ἔφασαν·
1154 1323 1305 1399 ἀδύνατον
1320 1329 1374 1399 οὖν
1390 1335 1462 1403 θεῶν

341 1440 441 1503 παισὶν
457 1443 606 1521 ἀπιστεῖν,
627 1441 732 1529 καίπερ
750 1420 824 1505 ἀνευ
834 1464 869 1505 τε
884 1442 1009 1506 εἰκότων
1024 1444 1075 1506 καὶ
1090 1445 1264 1533 ἀναγκαίων
1279 1435 1461 1520 ἀποδείξεων

341 1547 494 1639 λέγουσιν,
511 1546 577 1615 ἀλλ’
593 1555 632 1626 ὡς
647 1556 742 1615 οἰκεῖα
757 1551 919 1640 φάσκουσιν
934 1553 1132 1643 ἐπαγγέλλειν
1147 1553 1310 1642 ἑπομένους
1323 1566 1370 1638 τῷ
1383 1557 1460 1646 νόμῳ

341 1659 522 1723 πιστευτέον.
552 1667 611 1727 Ubi
631 1669 733 1729 cedem
752 1669 805 1727 illa
824 1665 957 1752 εἰρωνεία
980 1671 1142 1729 translucet
1165 1679 1254 1746 atque
1278 1671 1311 1729 in
1333 1669 1460 1732 Socratis

341 1777 437 1836 verbis
456 1779 534 1854 apol.
554 1778 590 1836 15
607 1798 635 1854 p.
658 1780 695 1839 a?
709 1780 743 1838 d:
771 1779 795 1837 εἰ
811 1763 837 1838 θ’
848 1767 886 1838 αθ
902 1779 930 1838 οἱ
946 1765 1083 1863 δαίμονες
1102 1773 1178 1840 θεῶν
1192 1765 1298 1852 παῖδές
1313 1781 1370 1841 εἰσι
1385 1775 1461 1842 νόθοι

341 1884 417 1959 τινὲς
432 1880 451 1954 ἢ
467 1885 502 1949 ἐκ
517 1893 638 1974 νυμιρῶν
653 1882 673 1959 ἢ
689 1891 723 1949 έκ
737 1908 825 1950 τινων
841 1884 951 1950 ἀλλων.

403 2003 574 2063 Accuratius
591 2010 620 2063 et
633 2010 766 2063 naturam
782 2003 954 2062 daemonum
969 2011 999 2062 ct
1014 2005 1113 2065 sedern
1123 2004 1280 2084 distinguit
1289 2014 1393 2066 auctor
1404 2009 1462 2084 epi·

340 2116 466 2175 numidis
486 2135 550 2192 cap.
568 2118 585 2175 8
602 2136 631 2192 p.
648 2115 710 2174 984
721 2134 747 2174 e.
777 2115 874 2173 Deum
894 2124 1054 2174 creatorem
1073 2135 1140 2176 esse
1153 2116 1241 2194 ignea
1254 2125 1377 2190 natura,
1397 2139 1462 2196 pro·

340 2229 418 2289 xima
433 2229 460 2285 ei
476 2247 542 2286 esse
556 2228 667 2297 sidera,
683 2246 768 2303 quae,
784 2234 889 2285 natura
903 2235 1016 2286 tantum
1031 2247 1089 2286 non
1104 2228 1193 2304 plane
1206 2229 1303 2305 ignea,
1318 2230 1381 2290 alia
1394 2249 1462 2306 quo-

340 2358 397 2414 que
416 2339 561 2397 elementa
579 2337 706 2409 admista
726 2339 893 2413 praebeant.
929 2338 1063 2398 Alterum
1085 2339 1175 2416 igitur
1195 2340 1348 2402 numinum
1370 2361 1461 2420 genus

340 2450 456 2509 animae
470 2449 597 2509 siderum
612 2455 689 2509 sunt.
719 2447 851 2526 Opponit
866 2449 912 2508 his
928 2451 1080 2509 terrestria
1093 2450 1215 2526 ideoque
1228 2453 1382 2524 mortalia,
1400 2454 1421 2514 i.
1436 2474 1461 2514 e.

340 2582 414 2640 quae
429 2562 526 2621 media
540 2561 616 2619 inter
630 2560 698 2619 illos
714 2561 783 2619 deos
799 2567 828 2618 et
842 2560 975 2620 homines
991 2561 1065 2631 sint,
1085 2562 1207 2624 numina
1220 2564 1360 2635 aetheris,
1376 2565 1461 2634 aeris,

340 2693 442 2752 aquae.
478 2665 589 2732 Πάντα
610 2656 644 2732 δὲ
665 2655 927 2758 θημιουργίσοισαν
951 2675 1052 2732 ταῦτα
1071 2661 1167 2755 ψυχὴν
1187 2659 1274 2751 ζῴων
1294 2669 1374 2745 εἰκός
1393 2669 1462 2735 ὅλον

341 2780 464 2869 οὐρανόν
479 2781 638 2868 ἐμπλῆσαι.
673 2785 851 2862 Vulgaribus
871 2783 1049 2843 Graecorum
1070 2784 1245 2845 diionullns
1265 2794 1313 2846 est
1331 2786 1460 2849 locucio

341 2897 420 2955 caelo
435 2895 617 2972 philosopbi;
638 2913 697 2953 non
718 2914 783 2954 esse
798 2896 865 2955 illos
881 2896 940 2953 nisi
954 2902 1005 2953 aut
1019 2896 1148 2955 siderum
1163 2897 1276 2957 animae
1292 2904 1345 2956 ant
1355 2900 1460 2968 media,

341 3024 415 3081 qnae
427 3006 509 3074 dixit,
522 3006 643 3064 numina
653 3012 730 3064 tecte
744 3006 900 3083 significat..
927 2998 1025 3075 Θεοὺς
1040 2999 1094 3089 μὲν
1110 2990 1159 3082 θη,
1174 3007 1278 3085 inquit,
1295 3001 1356 3066 Δία
1365 3026 1402 3068 τε
1413 3006 1461 3067 καὶ

341 3106 439 3199 Ἥραν
455 3110 591 3184 καὶτοὺς
604 3108 716 3183 ἄλλους
729 3108 858 3192 πάντας,
874 3111 933 3195 ὅπη
947 3134 992 3185 τις
1007 3109 1117 3191 ἐθέλει,
1134 3111 1232 3195 ταύτῃ
1247 3113 1331 3177 κοιτά
1344 3115 1399 3180 τόν
1410 3118 1460 3179 αύ-

339 3223 392 3287 τὸν
407 3219 535 3285 τιθέσθω
551 3220 655 3310 νόμον,
671 3222 722 3285 καὶ
736 3220 846 3311 πάγιον
862 3220 957 3309 ἐχέτω
971 3233 1081 3288 τοῦτον
1095 3223 1148 3286 τόν
1162 3222 1270 3312 λόγον,
1285 3230 1305 3288 i.
1322 3250 1349 3289 e.
1366 3232 1461 3292 distri·

340 3341 487 3400 butionem
510 3340 668 3399 secundnm
688 3338 817 3414 quinque
838 3339 992 3399 elementa.
1023 3332 1121 3408 Θεούς
1141 3322 1176 3397 δὲ
1196 3322 1235 3405 θη
1252 3335 1325 3410 τοὺς
1339 3337 1459 3425 ὁρατούς

340 3446 411 3521 τοὺς
424 3446 560 3534 πρώτους
579 3444 635 3515 την
655 3454 717 3508 τῶν
735 3441 852 3532 ἄστρων
868 3443 952 3532 φύσιν
967 3442 1105 3525 λεκτέον,
1127 3443 1206 3533 μετὰ
1221 3433 1256 3508 δὲ
1268 3445 1399 3533 τούτους
1412 3448 1459 3511 καί

340 3557 397 3621 ὑπό
411 3556 530 3631 τούτοις
545 3546 612 3630 ἑξῆς
632 3545 788 3645 δαίμονας·
811 3553 909 3643 ἀέριον
930 3544 965 3618 δὲ
984 3554 1083 3643 γένος,
1106 3560 1173 3643 ἔχον
1189 3544 1279 3644 ἕθραν
1293 3558 1399 3646 τρίτην
1412 3558 1458 3623 καὶ

341 3667 434 3758 μέσην
450 3666 536 3751 (infra
552 3674 636 3731 deum
651 3674 682 3730 in
696 3673 780 3749 igne,
795 3672 909 3730 animas
921 3672 1049 3730 siderum
1060 3672 1091 3730 in
1102 3674 1220 3731 aethere
1231 3669 1396 3755 degentes),
1410 3680 1458 3741 τίς

341 3779 494 3868 ἑρμηνείας
509 3781 604 3842 αἴτιον
620 3776 789 3862 (voluntatis
804 3782 920 3842 divinae
935 3775 1136 3861 interpretes),
1157 3780 1257 3865 εὐχαῖς
1270 3790 1365 3867 τιμᾶν
1381 3780 1457 3870 μάλα

339 3889 433 3977 χρεὼν
447 3888 531 3977 χάριν
545 3899 600 3962 τῆς
614 3887 749 3977 εὐφήμου
765 3876 936 3975 θιαπορείας
951 3885 994 3971 (ut
1008 3893 1103 3951 nuntii
1120 3893 1180 3951 sint
1190 3895 1312 3956 deornm
1322 3898 1360 3957 ad
1371 3896 1456 3958 homi·

339 4024 406 4075 nes,
427 4003 576 4063 hominum
596 4006 633 4062 ad
653 3998 743 4082 deos).
780 4002 929 4063 Summum
952 4005 1038 4062 deum
1057 4004 1187 4079 perfecta
1205 4007 1374 4082 cognitione
1394 4007 1455 4075 frui,

339 4135 433 4193 neque
445 4116 545 4173 dolore
556 4132 649 4190 neque
660 4115 765 4191 gaudio
776 4115 868 4174 affici:
880 4116 1037 4176 daemones
1049 4115 1212 4193 cognitione
1222 4116 1341 4192 quidem
1348 4120 1453 4185 florere,

338 4229 381 4289 itu
396 4236 427 4287 ut
441 4227 488 4287 vel
503 4234 616 4284 mentes
630 4226 772 4284 humanas
787 4226 983 4303 perspiciant,
1002 4228 1054 4287 scd
1069 4226 1147 4286 affici
1161 4227 1252 4286 animi
1266 4229 1454 4304 perturbatio

341 4340 442 4409 nibus,
464 4339 506 4395 ita
519 4337 700 4414 ¹utdiligont
719 4336 851 4394 homines
872 4338 1027 4409 honestos,
1047 4337 1162 4397 oderint
1179 4357 1301 4413 pravos:
1322 4336 1374 4398 καὶ
1388 4326 1453 4421 Ευμ-

340 4443 470 4530 πλνίρους
488 4433 528 4513 dr)
548 4434 634 4525 ζῴων
654 4444 779 4529 ούρανοῦ
799 4441 974 4531 γεγονότος,
996 4440 1206 4533 ἑρμηνεύεσθαι
1224 4442 1296 4531 πρός
1310 4440 1453 4516 ἀλλήλους

340 4552 439 4647 τεκαὶ
452 4552 524 4639 τοὺς
536 4552 721 4647 ἀκροτάτους
736 4550 821 4631 θεοὺς
834 4551 950 4637 πάντας
963 4576 999 4617 τε
1010 4556 1062 4621 καί
1072 4552 1187 4635 πάντα,
1206 4542 1262 4619 doci
1272 4554 1310 4619 τό
1321 4551 1452 4647 ρέρεσθιιι
