3592 5400
521 523 617 569 curor
631 525 664 568 11.
688 526 729 569 ou
744 524 901 569 sinuosus
915 524 1025 570 rouen.
1042 526 1195 571 rumora.
1379 508 1418 572 15

299 697 419 755 quorum
439 679 515 737 liber
528 679 605 738 XXI
624 681 655 737 iu
675 681 775 739 Rhett.
793 682 838 739 ed.
851 681 947 741 Walz.
964 682 1021 740 VII
1039 701 1069 757 p.
1088 683 1148 741 963
1170 690 1419 754 commemoratur,
1482 731 1485 735 .

297 781 390 840 fuisse
416 781 626 856 compendium.
665 782 742 840 Nam
768 782 934 860 Longinum
957 783 998 841 ibi
1021 781 1103 842 Suid.
1128 803 1151 842 s.
1175 784 1309 862 Longino
1332 786 1422 843 tradit

298 882 493 959 quaesivisse,
514 878 583 941 τίνα
602 878 684 964 παρὰ
709 878 763 952 τοὶς
789 879 917 966 ἱστορίας
941 883 969 942 οἱ
993 881 1198 967 γραμματικοὶ
1224 886 1263 955 ὡς
1288 882 1422 969 ἱστορικοὶ

296 983 455 1068 ἡγοῦνταιι
477 985 658 1062 Porphyrius
678 986 714 1044 de
733 987 907 1062 scriptorum
922 986 1024 1044 froude
1038 995 1068 1044 et
1087 987 1172 1046 furtis
1188 988 1219 1044 in
1239 989 1314 1046 libro
1328 990 1421 1063 primo

224 1158 226 1163 s
297 1086 452 1156 disseruit,
468 1087 550 1145 cuius
561 1089 650 1146 verba
665 1088 742 1145 haud
753 1107 846 1163 pauca
857 1089 966 1146 Euseb.
979 1106 1079 1164 praep.
1092 1108 1192 1166 evang.
1206 1091 1237 1147 X
1249 1092 1266 1149 3
1284 1091 1418 1148 servavit.

297 1188 386 1262 Quod
401 1189 478 1247 enim
493 1192 549 1256 τῆς
564 1183 728 1272 φιλολόγου
744 1182 915 1270 ἀκροάσεως
929 1190 1020 1249 libros
1035 1191 1182 1249 Eusebius
1197 1192 1289 1260 dicut,
1312 1192 1419 1248 morari

297 1307 352 1348 uos
367 1290 478 1364 nequit.
505 1291 607 1365 Ipsum
627 1298 847 1367 praeceptorem
861 1292 1043 1381 Porphyrius
1063 1292 1094 1348 in
1115 1300 1227 1369 septem
1247 1288 1421 1375 συμμίκτων

297 1377 481 1472 ζητημάτων
496 1392 581 1451 libris
597 1386 702 1469 (Suid.)
717 1395 883 1469 loquentem
898 1393 983 1463 fecit,
1002 1394 1052 1451 ubi
1067 1412 1156 1467 quum
1171 1412 1199 1451 π.
1215 1413 1242 1452 τ.
1257 1411 1419 1478 γεωμετρι-

296 1496 353 1560 κῆς
374 1486 446 1561 tum
466 1494 592 1569 aliisque
614 1494 650 1552 de
672 1495 759 1552 rebus
782 1495 927 1570 disputat,
951 1502 1011 1557 tum
1033 1479 1154 1559 Μηδίου
1175 1491 1247 1577 πρὸς
1266 1489 1420 1579 Λογγῖνον
1467 1564 1470 1568 ,

296 1589 451 1651 συνουσίαν
462 1590 530 1652 τινα
541 1591 606 1677 περὶ
617 1599 678 1653 τῶν
691 1591 798 1678 μορίων
808 1600 863 1665 τῆς
875 1587 969 1677 ψυχῆς
981 1606 1080 1653 narrat
1096 1592 1247 1674 (Proculus
1260 1599 1290 1654 in
1303 1586 1418 1656 Euclid.

298 1697 325 1753 l.
339 1696 377 1754 16
394 1702 423 1752 et
437 1696 474 1753 ad
489 1697 566 1755 Plat.
580 1717 671 1774 remp.
685 1700 744 1773 4p.
758 1691 843 1777 415).
862 1734 898 1740 —
915 1699 961 1755 Ad
982 1699 1054 1755 haec
1074 1705 1205 1775 tempora
1226 1699 1313 1757 etium
1336 1697 1420 1782 φιλο-

296 1789 389 1878 σόφου
410 1791 537 1880 ἱστορίας
556 1799 646 1857 libros
662 1806 799 1873 quattuor
814 1791 922 1878 (Soio)
944 1799 1052 1869 refero:
1075 1819 1143 1857 uam
1165 1801 1206 1857 ibi
1227 1801 1257 1857 in
1278 1821 1419 1868 annorum

295 1901 511 1974 computatione
525 1900 733 1975 Apollodorum
748 1901 893 1975 sequitur,
915 1921 1003 1976 quum
1022 1901 1052 1957 in
1069 1901 1213 1958 chronicis
1229 1901 1351 1959 Claudio
1366 1902 1419 1958 im·

295 2007 430 2075 peratore
456 2002 572 2078 scriptis
598 2001 706 2078 partim
727 2003 886 2060 secundum
906 2009 1039 2059 auctores
1061 2001 1206 2068 diversos,
1234 2002 1340 2075 partim
1366 2021 1419 2061 suo

295 2101 392 2158 Marte
407 2120 503 2160 rerum
515 2103 694 2163 Graecarum
710 2110 841 2180 tempora
852 2095 1042 2160 definiremt¹.
1065 2099 1157 2158 Liber
1167 2101 1293 2176 primus,
1309 2102 1419 2177 Pythe-

296 2221 384 2280 goras
403 2204 464 2261 vita
474 2247 483 2276 ,
501 2204 613 2264 Graece
634 2198 740 2275 σκαιοί,
761 2205 836 2262 liber
854 2201 900 2260 111
919 2202 1007 2259 vitam
1029 2200 1174 2272 Socratis,
1197 2202 1248 2259 lib.
1264 2203 1308 2260 IV
1328 2204 1418 2260 vitam

348 2331 460 2386 ΙΕυοολι.
471 2331 558 2387 chron.
571 2333 627 2386 139.
640 2332 701 2402 (359
713 2329 821 2396 Auchi:
836 2327 941 2398 ὁΠορφ.
956 2327 979 2380 ἓν
993 2334 1029 2399 τῷ
1039 2329 1133 2399 πρώτῳ
1145 2333 1188 2395 τῆς
1202 2329 1340 2400 φιλοσόφου
1352 2328 1419 2382 ἱστο-

297 2415 349 2483 ρίας
362 2409 414 2467 ὧδέ
422 2434 475 2477 πως
488 2414 637 2485 ἐπιτέμνεται
649 2416 709 2484 πρὸς
722 2414 792 2474 λέξιν·
804 2411 852 2464 ἀπὸ
865 2417 908 2479 τῆς
918 2413 1035 2474 ἁλώσεως
1046 2413 1120 2465 Ἰλίου
1129 2413 1168 2464 ἐπὶ
1177 2413 1221 2480 τὴν
1231 2417 1280 2466 τῶν
1290 2415 1419 2484 Ἡρακλει-

298 2500 347 2551 δῶν
361 2498 466 2551 κάθοδον
479 2498 519 2565 ἔτη
532 2497 558 2550 π’
573 2518 597 2568 φ.
610 2493 669 2554 εἶναι
682 2496 695 2550 ὁ
708 2497 914 2567 Ἀπολλόδωρος,
933 2496 981 2548 ἀπο
999 2497 1026 2549 δὲ
1042 2502 1083 2564 τῆς
1101 2498 1208 2550 καθόδου
1226 2497 1257 2559 εἰς
1269 2498 1312 2565 τὴν
1325 2497 1418 2560 Ἰωνίας

297 2584 373 2635 κτίσιν
386 2581 428 2648 ἔτη
440 2582 569 2650 ἑξήκοντα,
587 2581 692 2635 ἐντεῦθεν
711 2580 742 2643 εἰς
755 2585 897 2652 Λυκοῦργον
916 2580 957 2648 ἔτη
975 2581 1042 2633 ἐννέα
1054 2583 1094 2634 καλ
1107 2581 1193 2634 ἑκατδν
1206 2584 1246 2634 καὶ
1259 2584 1417 2652 πεντήκοντα7

296 2665 344 2720 dub
359 2666 385 2720 δὲ
397 2668 541 2738 Λυκούργου
554 2665 585 2729 είς
597 2667 640 2735 τὴν
653 2668 753 2738 πρώτην
767 2662 805 2719 ὄλ.
824 2664 890 2720 ὀκτὼ
908 2667 949 2720 καὶ
965 2665 1060 2719 ἑκατόν·
1078 2665 1109 2719 τὰ
1126 2667 1153 2720 δὲ
1169 2665 1248 2719 πάντα
1261 2666 1309 2719 ἀπο
1323 2672 1364 2735 τῆς
1377 2667 1417 2722 ἇλ.

296 2750 370 2803 Ἰλίου
384 2750 422 2804 ἐπὶ
434 2751 477 2818 τὴν
489 2752 589 2822 πρώτην
602 2749 640 2804 el.
654 2751 694 2819 ἔτη
708 2751 768 2803 ἑπτὰ
780 2753 820 2803 καλ
832 2750 862 2804 o'.
888 2754 974 2805 Etiam
986 2754 1090 2806 aliunde
1103 2759 1218 2818 constat,
1230 2754 1419 2823 Apollodorum

296 2838 401 2891 aTroia
413 2843 491 2907 capte
501 2853 586 2907 usque
603 2839 636 2890 ad
652 2840 729 2892 Hom.
748 2855 901 2891 numerasse
918 2839 968 2892 240
980 2855 1064 2891 anuos
1082 2840 1203 2907 (Mueller
1220 2838 1251 2891 fr,
1268 2837 1328 2892 hist.
1343 2839 1418 2905 (inl,

295 2940 321 2991 p.
331 2922 403 2990 443).
420 2922 514 2975 Obstat
523 2922 618 2975 Suidas
630 2940 651 2978 s.
664 2924 776 2975 Homero
788 2941 813 2993 p.
826 2923 898 2977 1095.
912 2923 942 2976 12
951 2921 1058 2975 Bernh.:
1072 2920 1210 2993 (ἕθμηρος)
1220 2923 1306 2993 γέγονε
1315 2923 1363 2993 προ
1373 2928 1417 2975 τοῦ

296 3007 392 3073 τεθῆναι
408 3005 450 3073 τὴν
468 3007 567 3076 πρώτην
584 3002 725 3075 ὀλυμπιάδα
743 3002 791 3077 τρδ
804 3006 918 3059 ἐνιαυτῶν
931 3004 976 3072 νζἸ.
1000 3007 1137 3077 Πορφόριος
1156 3006 1182 3059 δὲ
1199 3006 1223 3059 ἐν
1240 3012 1269 3077 τῇ
1287 3008 1417 3078 φιλολόγῳ

296 3089 391 3162 ἱστορίᾳ
403 3090 451 3161 eph
466 3088 522 3161 ρλβ’
537 3110 615 3160 φησιν.
633 3090 720 3157 'Eridu
739 3090 765 3144 δὲ
778 3092 838 3159 αὕτη
852 3092 914 3162 μετὰ
926 3090 969 3158 τὴν
982 3092 1071 3160 Τροίας
1084 3091 1176 3143 ἅλωσιν
1188 3090 1304 3152 ἐνιαυτοῖς
1315 3092 1417 3162 ὕστερον
1514 3091 1518 3098 ’

296 3173 340 3237 υζ’.
366 3175 435 3236 Τινὲς
453 3174 480 3227 δὲ
498 3176 558 3245 μετὰ
575 3174 610 3246 ρξ’
630 3178 719 3246 μόνους
737 3175 859 3238 ἐνιαυτοὺς
875 3181 917 3243 τῆς
931 3176 1005 3227 Ἰλίου
1022 3176 1139 3236 ἁλώσεως
1156 3176 1268 3246 τετέχθαι
1279 3174 1417 3245 ἱστοροῦσιν

296 3258 419 3330 Ὅμηρον·
439 3258 452 3312 ὁ
470 3259 496 3313 δὲ
514 3260 592 3331 ῥηθεὶς
610 3261 748 3330 Πορφύριος
766 3260 827 3331 μετὰ
843 3262 893 3312 σοί,
917 3262 952 3314 At
969 3262 1099 3330 quomodo
1111 3261 1269 3330 Porphyrius
1286 3261 1378 3313 eodem
1390 3262 1417 3313 in

295 3345 360 3399 libro
373 3346 560 3414 Apollodorum
572 3347 657 3415 potuit
669 3347 745 3414 sequi
756 3353 782 3398 et
792 3365 843 3399 non
856 3346 948 3415 sequi?
969 3346 1051 3397 Immo
1070 3346 1116 3414 qui
1132 3347 1165 3397 ab
1177 3345 1334 3413 Apollodoro
1351 3345 1417 3396 tradi

296 3430 448 3494 censebant,
468 3430 571 3499 quaudo
584 3431 712 3483 Homerus
724 3429 855 3483 floruisset
866 3430 980 3495 {Tatium
994 3430 1052 3483 adv.
1067 3428 1158 3482 Graec.
1171 3429 1225 3496 49),
1238 3427 1416 3497 aPorphyri0‚

296 3515 400 3583 quaudo
412 3521 483 3568 esset
494 3521 570 3569 natus
580 3516 680 3583 (Surda,
692 3516 774 3568 iirem
784 3516 952 3567 inverterunt.
970 3512 1037 3565 Nam
1049 3514 1079 3577 si,
1091 3518 1121 3565 ut
1129 3512 1187 3564 fieri
1195 3514 1269 3576 solet,
1282 3511 1417 3566 hominum

295 3602 376 3654 vitam
389 3600 423 3654 70
433 3616 562 3653 annorum
575 3617 643 3662 esse,
663 3596 741 3668 ἀκμήν
760 3600 786 3651 iu
802 3599 916 3652 mediam
934 3599 1015 3652 vitam
1027 3598 1118 3649 cadere
1131 3598 1283 3661 statuimus,
1300 3596 1341 3650 his
1352 3598 1416 3666 ipsis

295 3684 328 3738 35
340 3685 418 3738 anuis
430 3684 463 3737 ad
473 3685 624 3754 Apollodori
635 3701 772 3737 numerum
785 3684 878 3738 additis
890 3698 1015 3736 numerus
1024 3681 1160 3751 Porphyrii
1172 3683 1322 3734 exsistit-
1331 3680 1416 3735 Philo-

295 3769 437 3840 sophorum
447 3768 556 3823 historie
567 3770 682 3822 medium
693 3771 759 3821 inter
770 3769 851 3821 libros
863 3768 894 3820 de
907 3768 1019 3820 oraculis
1035 3773 1062 3819 et
1077 3767 1115 3837 de·
1126 3768 1191 3818 abst.
1205 3768 1311 3827 tenebat
1321 3767 1416 3819 locum.

295 3853 472 3923 Pythagoram
488 3852 648 3923 Porphyrius
665 3855 710 3907 vit.
728 3853 803 3921 Pyth.
822 3853 847 3905 7.
860 3852 902 3905 36.
914 3852 948 3905 38
964 3858 1054 3904 narrat
1071 3854 1120 3902 τῶν
1137 3849 1256 3921 ἐμφύχων
1274 3847 1415 3921 ἀπέχεσθαι,

295 3954 354 3991 raro
371 3939 495 3992 animalia
510 3938 684 4002 sacrificasse,
702 3939 811 3990 iussisse
828 3955 853 3988 π.
867 3954 888 3987 τ.
903 3936 966 3988 θείου
983 3937 1023 3988 κοιλ
1041 3936 1167 4006 δαιμονίου
1184 3935 1224 3987 καλ
1235 3935 1320 4007 ἡρῴου
1333 3935 1416 4006 γένους

295 4021 405 4092 εὔφημον
417 4018 477 4074 εἶναι
495 4023 535 4075 καλ
552 4022 645 4091 ἀγαθὴν
662 4018 725 4091 ἔχειν
738 4019 837 4073 ἔννοιαν.
856 4021 886 4074 In
897 4020 958 4073 hist.
970 4021 1065 4090 philos,
1078 4022 1156 4085 dixit,
1173 4021 1276 4073 Socrati
1293 4019 1417 4090 γεγονέναι

297 4106 336 4159 καὶ
353 4104 454 4160 παιδικά
466 4143 488 4160 ..
506 4105 572 4158 ἀλλὰ
589 4105 738 4175 ἀδικήματος
754 4105 831 4175 χωρίς
850 4106 933 4173 (Suid
947 4124 967 4158 s.
986 4106 1113 4173 Socrate).
1143 4104 1239 4161 Contra
1255 4104 1317 4169 hoc,
1335 4120 1416 4172 quum

295 4189 978 4261 Porph.Romasesset,Diophonesrhetordisputsvit.
990 4187 1415 4259 ResponditPorph.(vit.Plot.15l.

363 4276 504 4330 2Μαλολιυο
520 4277 552 4328 de
570 4278 623 4331 vita
638 4274 712 4344 Pyth.
725 4293 762 4344 pr.
781 4276 820 4328 ed.
834 4276 862 4330 O.
875 4274 1073 4330 Rittcrshusius.
1096 4275 1188 4327 Altorf.
1204 4272 1276 4325 1610.
1294 4270 1333 4323 ch.
1346 4270 1370 4321 8.
1382 4302 1415 4309 -

295 4358 432 4414 Iamblichi
443 4361 489 4414 rit.
502 4360 577 4429 Pyth.
590 4362 626 4413 ill.
639 4360 757 4414 Knester.
774 4358 892 4412 Malchus
906 4376 927 4410 s.
939 4358 1033 4427 Porph.
1045 4376 1069 4410 r.
1081 4358 1109 4411 P.
1126 4375 1147 4410 ο.
1164 4362 1229 4410 nott.
1246 4355 1374 4407 Holstenii
1390 4362 1416 4408 et

296 4443 418 4497 Rittersh.
435 4445 578 4499 Amstelod.
595 4444 667 4496 1707.
685 4442 727 4496 chi
736 4444 761 4495 4.
777 4474 811 4483 -
826 4443 917 4495 lambl
935 4448 962 4493 et
972 4442 1066 4511 Porph.
1084 4443 1140 4495 vitt.
1157 4440 1232 4509 Pyth.
1247 4455 1354 4507 recogn.
1366 4439 1413 4493 Th.

296 4527 436 4598 Kiessliug.
459 4529 521 4598 hps.
540 4528 613 4581 1815.
631 4528 731 4581 atomi.
744 4527 769 4581 8.
785 4559 818 4568 -
836 4528 874 4580 ed.
886 4528 1070 4579 Westermann
1087 4532 1147 4594 post
1163 4524 1254 4576 Cobeti
1270 4524 1415 4591 Diogenem

298 4612 381 4667 Laert.
392 4614 473 4665 Paris.
486 4612 571 4665 Didot.
584 4612 656 4665 1850.
670 4642 701 4650 —
714 4613 797 4667 Huius
810 4613 878 4664 vitae
891 4627 972 4680 quum
985 4608 1043 4674 §44
1054 4609 1087 4660 ab
1096 4608 1151 4663 Ioh.
1165 4608 1238 4677 Lydo
1252 4608 1283 4660 de
1294 4624 1378 4660 mens.
1390 4608 1413 4658 4.
