3592 5400
516 487 612 530 carur
627 489 658 528 11.
682 487 893 529 narrarentur
909 487 1017 530 conen.
1035 488 1187 531 canrosa.
1371 469 1411 532 37

290 638 376 701 νότια
390 635 566 727 γιγνομένης
580 635 743 724 χειμώνων,
763 637 811 698 ἐπὶ
827 625 859 698 δὲ
874 636 915 698 τά
931 639 1054 724 άμκτῷα
1069 638 1202 724 αὐγμῶν,
1224 638 1271 713 ἐπὶ
1292 627 1325 700 δὲ
1341 634 1429 701 άνα-”
1502 668 1506 676 =

289 748 383 822 τολας
397 752 519 835 λοιμῶν,
540 748 588 809 ἐπὶ
604 735 637 808 δὲ
653 735 734 808 δύσιν
755 746 915 834 ademptae
944 752 1047 828 Itaque
1067 753 1102 843 de
1122 753 1249 811 siderum
1270 754 1412 831 interpre-

290 866 400 923 tatione
412 872 441 922 et
453 862 620 924 Chaldaicis
631 863 754 932 artibus,
770 881 843 938 quas
859 863 957 941 magni
972 863 1042 920 tecit
1056 863 1086 920 in
1107 881 1199 921 oracc.
1215 864 1410 942 philosophia,

289 995 364 1052 quas
380 974 453 1032 tanti
469 974 585 1045 habuit,
610 981 641 1030 ut
656 973 686 1030 in
702 973 864 1031 Ptolemaei
879 973 1119 1049 apotelesmatica
1133 974 1221 1031 etiarn
1237 982 1411 1032 commenta·

289 1087 349 1145 rios
367 1079 533 1154 scriheret¹,
555 1082 767 1142 Chaldaeorum
789 1083 872 1141 libris
895 1075 1063 1153 adhibitis&
1085 1084 1121 1141 dc
1135 1086 1191 1143 hoc
1210 1085 1298 1161 igitur
1317 1085 1411 1161 philo-

289 1197 411 1272 sophiae
427 1197 489 1253 loco
504 1195 561 1253 sibi
578 1194 746 1252 constitisse
760 1194 822 1252 fere
838 1193 959 1253 videtur.
991 1194 1135 1252 Videlicet
1146 1195 1281 1252 Plotinus
1298 1214 1411 1271 quoque

290 1301 352 1384 (vit.
364 1307 441 1364 Plot.
458 1307 494 1364 15
508 1298 593 1383 extr.)
609 1309 748 1386 προσεῖχε
764 1348 788 1361 ..
804 1309 867 1374 τοῖς
881 1309 943 1362 τῶν
957 1297 1198 1389 γενεθλιαλόγων
1217 1304 1411 1363 ἀποτελεστι-

290 1422 355 1486 κοῐς
366 1411 581 1498 ἀκριβέστερον,
598 1411 649 1471 καὶ
660 1408 800 1496 φωράσας
810 1419 866 1484 τῆς
877 1411 1060 1499 ἐπαγγελίας
1071 1411 1107 1473 τὰ
1121 1409 1310 1500 ἀνεχέγγυον,
1326 1409 1412 1500 ἐλέγ-

289 1544 353 1609 χειν
371 1520 519 1595 πολλάκις
538 1569 564 1583 ..
586 1524 700 1593 ἐντοῖς
721 1518 952 1609 συγγράμμασιν
976 1523 1031 1582 οὐκ
1053 1521 1177 1591 ὤκνησε.
1217 1527 1265 1584 De
1289 1527 1411 1602 reliquis

290 1646 387 1696 autern
402 1641 503 1707 rebus,
524 1638 603 1694 velut
617 1637 654 1693 de
668 1636 802 1695 Platonis
824 1637 1077 1712 interpretatione,
1099 1637 1135 1695 de
1155 1637 1303 1695 hominum
1324 1638 1410 1707 victu,

290 1749 326 1806 de
341 1749 459 1806 deornm
474 1754 593 1816 natura,
610 1747 704 1816 cultu,
721 1747 848 1805 oraculis
863 1747 1045 1822 Porphyrius
1061 1749 1160 1805 eodem
1176 1767 1331 1825 progressu
1347 1767 1411 1806 sen-

290 1860 415 1917 tentiam
430 1858 552 1916 mutavit
570 1866 657 1932 atque
678 1857 707 1914 in
726 1857 919 1934 intellegendo
931 1857 1073 1914 Homero:
1094 1858 1137 1915 ita
1145 1864 1188 1928 ut,
1204 1877 1292 1934 quum
1303 1858 1411 1916 Home-

269 1945 274 1951 ,
289 1971 351 2028 rica
365 1969 463 2028 studia
477 1968 721 2037 describeremus,
739 1968 900 2025 studiorum
912 1967 1040 2024 omnium
1051 1967 1311 2044 significaverimus
1323 1970 1412 2027 ratio·
1447 1981 1451 1988 '

288 2100 356 2138 nem
375 2098 411 2137 ac
434 2079 597 2137 decursum.
636 2080 732 2152 Quam
757 2077 985 2136 inconstantiam
1013 2097 1070 2135 non
1096 2078 1190 2136 solum
1211 2079 1356 2137 Eusebius
1382 2087 1411 2137 et

288 2191 471 2268 Augustinus
479 2190 616 2260 riserunt,
631 2191 681 2248 scd
690 2189 866 2247 lamblichus
878 2207 993 2264 quoqne
1005 2189 1032 2246 ei
1043 2189 1157 2246 crimini
1169 2189 1249 2247 dedit
1258 2182 1317 2267 (ap.
1328 2188 1409 2248 Stob.

290 2301 344 2359 ecl.
360 2303 443 2377 phys.
460 2303 486 2358 1.
500 2301 539 2358 52
552 2319 581 2375 p.
596 2301 656 2358 866
668 2291 779 2376 Heca).
804 2298 863 2358 Sed
879 2307 957 2356 recte
972 2300 1008 2366 de
1022 2319 1058 2356 ea
1073 2299 1131 2357 iarn
1143 2301 1257 2375 Eunap.
1273 2300 1411 2358 iudicavit

289 2412 341 2470 vit.
359 2411 468 2486 Porph.
488 2411 524 2469 21
545 2403 924 2488 tp.457.3ossoiss.11.):
949 2402 1097 2468 Φαίνεται
1119 2393 1152 2466 δὲ
1172 2404 1351 2492 ἀφικόμενος
1372 2410 1411 2480 εἰς

289 2527 384 2605 γῆρας
398 2512 483 2598 βαθύ.
506 2514 621 2588 πολλαὶς
640 2523 713 2604 γοῦν
732 2524 795 2588 τοῖς
814 2503 873 2586 ἤδη
894 2513 1269 2603 προπεπραγματευμένοις
1289 2515 1411 2596 βιβλίοις

290 2624 413 2714 θεωρίας
432 2626 566 2699 ἐναντίας
581 2624 739 2703 κατέλιπε,
759 2625 825 2712 περὶ
840 2617 881 2686 ὧν
896 2627 952 2686 οὐκ
966 2629 1045 2688 ἐστιν
1060 2623 1161 2713 ἕτερόν
1174 2648 1205 2686 τι
1221 2612 1371 2702 δοξάζειν,
1390 2621 1409 2694 ἢ
1479 2677 1486 2692 ,

289 2737 338 2801 ὅτι
351 2736 461 2823 προϊὼν
476 2736 564 2823 ἕτερα
579 2725 729 2810 ἐδόξασεν.
752 2740 829 2799 Nam
845 2741 977 2799 veritatis
989 2741 1169 2817 Porphyrius
1185 2760 1236 2799 suo
1248 2740 1332 2799 modo
1348 2747 1411 2800 erat

291 2852 540 2922 studiosissimum
560 2853 639 2909 velut
654 2852 690 2909 de
706 2853 831 2923 ratione,
853 2872 912 2929 qua
933 2852 1047 2911 animus
1070 2871 1134 2910 cum
1156 2870 1276 2929 corpore
1291 2853 1411 2910 coniun-

289 2971 354 3023 ctus
369 2972 462 3034 esset,
484 2982 548 3020 curn
562 2962 681 3021 Plotino
701 2982 753 3039 per
773 2963 898 3026 triduum
919 2964 1087 3022 continuum
1108 2971 1192 3020 tanta
1211 2983 1299 3039 opera
1318 2963 1410 3021 disse·

289 3076 363 3147 ruit,
379 3083 412 3134 ut
425 3092 527 3132 omnes
541 3072 676 3150 fugerent
689 3081 807 3149 praeter
821 3073 970 3132 Plotinum
986 3067 1107 3151 (Porph.
1122 3073 1262 3132 vit.P10t.
1278 3067 1344 3150 13);
1360 3094 1410 3132 ne-

289 3205 347 3261 que
362 3186 473 3243 minore
488 3184 648 3259 pertinacia
662 3183 789 3261 Longini
804 3186 841 3241 de
856 3184 929 3243 ideis
945 3185 1079 3244 Platonis
1095 3185 1256 3242 doctrinam
1271 3185 1410 3243 adversus

288 3297 435 3355 Amelium
446 3294 591 3365 defendit,
606 3294 712 3365 donec,
729 3296 908 3373 argumentis
920 3296 1037 3353 tandem
1049 3295 1156 3364 victus,
1173 3295 1332 3353 adversarii
1343 3314 1409 3353 sen-

290 3408 412 3466 tentiam
433 3406 534 3463 eodem
553 3404 681 3475 fervore,
707 3424 764 3480 quo
785 3423 868 3463 snam
889 3412 972 3473 ante,
1000 3405 1151 3479 amplexus
1177 3412 1223 3461 est
1246 3423 1282 3461 ac
1307 3404 1408 3475 tenuit,

289 3519 415 3595 ingenue
429 3536 555 3575 ermrem
572 3515 721 3574 confessus
738 3510 819 3594 (ibid.
835 3508 895 3593 18).

360 3700 368 3729 ¹
392 3693 541 3765 Εἰσαγωγὴν
559 3692 590 3753 εἰς
609 3694 651 3761 τὴν
670 3692 893 3764 άποτελεσματικὴν
907 3698 951 3745 τοῦ
964 3692 1127 3762 Πτολεμαίου,
1146 3692 1294 3760 (Proculus)
1311 3694 1339 3745 in
1351 3692 1410 3745 Pto·

282 3782 384 3834 lemaei
403 3781 632 3851 quadripartitum,
650 3778 786 3848 Porphyrii
803 3777 952 3849 philosophi
969 3778 1125 3830 introductio
1143 3779 1170 3830 in
1182 3778 1249 3831 Ptol.
1264 3780 1295 3829 de
1314 3777 1410 3830 effecti-

291 3868 340 3918 bus
359 3872 497 3919 astrorum.
532 3865 661 3917 Ilermetis
679 3863 827 3933 philosophi
844 3864 875 3915 de
893 3864 1099 3916 revolutionibus
1117 3864 1282 3916 nativitatum
1301 3865 1361 3916 libri
1377 3863 1408 3915 ll.

290 3951 371 4003 Basil.
384 3951 457 4005 1559.
470 3951 489 4005 f.
503 3967 574 4003 max.
594 3950 758 4017 Quanquam
769 3949 865 4003 Galcns
878 3949 912 4000 ad
924 3949 1014 4002 lambl.
1032 3948 1063 4001 ds
1075 3954 1152 4017 myst.
1164 3966 1189 4019 p.
1202 3948 1252 4001 304
1270 3967 1304 4002 ex
1323 3949 1410 4002 codice
1518 3951 1521 3956 '

290 4035 420 4087 Antiocho
438 4036 542 4099 tribuit,
560 4051 613 4086 non
630 4033 781 4103 Porphyrio.

360 4120 371 4152 ²
393 4138 418 4189 p.
434 4119 494 4172 195:
519 4118 578 4187 ἅπερ
597 4116 702 4186 εἴπομεν,
728 4116 760 4177 ὡς
779 4118 890 4188 χρήσιμα
908 4116 939 4179 εἰς
958 4117 1000 4185 τὴν
1019 4120 1112 4171 τούτοιν
1131 4116 1279 4189 ἀνάγνωσιν,
1299 4116 1410 4186 εἴληπται

292 4203 335 4275 μὲν
349 4203 411 4274 ’ἡμῖν
430 4202 524 4255 ἐκτῶν
543 4202 609 4273 παρὰ
626 4201 757 4262 Χαλδαίοις
775 4201 915 4272 εἰρημένων,
