3592 5400
341 523 401 584 196
749 539 992 582 nunmnuuuruu
1012 539 1045 581 11.

341 699 373 766 9,
393 697 419 753 6.
440 698 493 764 14,
512 694 558 752 15.
579 696 630 763 13,
649 695 682 763 6,
698 713 716 750 a
731 695 871 751 columbis
888 693 981 769 Geop.
1001 696 1054 762 14,
1072 695 1090 750 4
1107 692 1233 750 tradunt.
1251 693 1374 752 Aristot.
1391 694 1460 752 hist.

340 805 426 862 anim.
445 806 478 873 9,
494 806 510 861 6
528 798 567 878 (et
582 804 659 861 Plin.
676 805 813 873 ο.1].90,
830 806 881 873 13,
896 804 933 861 51
950 811 978 859 et
993 804 1093 880 Antig.
1111 804 1130 859 1.
1147 796 1277 879 comm.):
1294 801 1313 868 ή
1330 787 1364 860 δὲ
1379 801 1463 886 γαλή

340 910 413 971 ὅταν
428 908 493 996 όφει
509 906 656 996 μάχηται,
679 905 806 970 ἐπεσθίει
821 907 857 969 τό
873 907 1020 995 πήγανον·
1039 907 1170 995 πολεμία
1189 907 1246 996 γὰρ
1261 911 1280 977 ή
1296 908 1376 995 ὀσμή
1394 918 1462 982 ταῖς

340 1019 452 1107 όφεσιντ
479 1043 564 1100 quarn
591 1044 652 1081 rem
677 1024 808 1099 pluribus
833 1023 1019 1099 persequitur
1038 1024 1276 1099 Theophylactus
1299 1021 1462 1082 simocatta

339 1137 423 1212 phys.
444 1142 555 1209 quaest.
582 1136 608 1192 6.
631 1165 671 1174 -
697 1132 795 1216 Quare
819 1136 962 1209 putabant
985 1142 1099 1191 veteres
1123 1134 1202 1209 moly
1227 1152 1308 1204 esse,
1336 1106 1393 1208 quo
1420 1134 1462 1191 dii

340 1247 376 1302 ab
396 1245 483 1304 Ulixe
503 1244 723 1302 fascinationem
746 1242 846 1309 Circes
867 1251 1040 1302 averterant.
1061 1244 1195 1302 Dioscor.
1218 1246 1247 1302 3.
1269 1245 1308 1302 53
1340 1236 1393 1321 (46
1415 1244 1459 1302 ed.

340 1347 485 1432 Kuehn.):
501 1351 627 1411 καλοῦσι
643 1337 675 1410 δέ
690 1370 767 1422 τινες
781 1346 915 1436 πήγανον
931 1346 1032 1437 ἄγριον
1047 1349 1098 1409 καὶ
1111 1347 1148 1410 τό
1160 1351 1191 1411 ἐν
1201 1359 1241 1432 τῇ
1252 1337 1462 1430 Καππαδοκίᾳ

341 1461 391 1521 καὶ
404 1459 440 1521 τό
456 1462 486 1521 ἐν
501 1469 541 1542 πή
557 1457 638 1520 κατόι
652 1458 706 1528 ιήν
723 1455 823 1519 Ἀσίαν
840 1456 978 1540 Γαλατία
993 1457 1157 1546 λεγόμενον
1173 1461 1299 1545 μῶλυ..
1321 1457 1461 1521 Καλοϋσι

342 1558 376 1631 δὲ
390 1617 415 1630 ..
431 1556 680 1630 Καππαδόκαι..
697 1570 791 1654 μῶλυ.
821 1572 865 1631 cf.
882 1574 1004 1631 eundem
1022 1575 1060 1630 59
1078 1566 1142 1651 (45)
1164 1581 1193 1630 et
1213 1573 1262 1648 qui
1278 1593 1314 1631 ex
1329 1575 1386 1631 hoc
1401 1594 1460 1631 me-

341 1683 404 1740 dico
424 1684 584 1740 hauserunt
604 1685 664 1740 sch.
686 1683 772 1741 Hom.
795 1681 851 1740 Od.
872 1686 925 1752 10,
948 1684 1007 1742 305
1030 1691 1059 1740 et
1081 1681 1162 1742 Suid.
1184 1701 1208 1741 s.
1230 1681 1325 1765 μῶλυ.
1352 1685 1460 1742 Rutam

341 1811 455 1870 quoque
466 1792 667 1851 fascinationis
679 1794 836 1851 remedium
849 1794 945 1870 putari
957 1793 1049 1850 Arist.
1060 1793 1103 1850 ait
1114 1794 1208 1868 probl.
1223 1795 1272 1862 90,
1287 1796 1341 1866 34;
1357 1789 1459 1872 (Rufus

340 1896 500 1982 Ephesius)
517 1904 552 1961 de
567 1904 675 1979 plantis
692 1905 783 1962 sacris
798 1925 824 1962 ν.
844 1905 903 1962 179
921 1897 974 1981 (pr.
992 1904 1036 1962 ed.
1049 1904 1200 1962 Rendtorf.
1216 1903 1247 1960 in
1259 1903 1377 1963 Fabric.
1391 1906 1456 1963 bibl.

342 2014 394 2073 Gr.
412 2015 484 2073 ed.I
500 2015 565 2073 libr.
580 2016 596 2072 3
615 2026 676 2089 cap.
692 2006 758 2091 acl:

469 2122 554 2207 μῶλυ
571 2108 604 2180 δὲ
618 2109 809 2206 ῥιζοτομηθὲν
826 2121 905 2206 ἀρεῖς
919 2119 991 2205 πρός
1006 2116 1151 2208 φάρμακα
1165 2118 1262 2207 λυγροὶ

469 2216 662 2315 φαρμ.ακ13ων
678 2231 817 2314 χαλεπῶν
834 2229 883 2289 καὶ
900 2226 1036 2310 βάσκανα
1051 2227 1117 2314 φῦλ’
1130 2225 1302 2315 ἀνθρώπων.
1393 2264 1395 2267 ·

376 2345 445 2402 190.
468 2337 523 2407 τήν
540 2333 668 2418 βοτόινην
683 2339 749 2424 περὶ
764 2346 851 2423 σῶμα
867 2346 964 2424 φορῶν
979 2336 1099 2425 ἐχθροὺς
1113 2329 1280 2413 ὑπαλύξας.

342 2452 440 2528 Quum
455 2453 543 2530 igitur
557 2453 638 2530 gravi
653 2453 740 2511 odore
762 2453 863 2528 planta
883 2454 993 2511 bestias
1014 2455 1115 2512 noxias
1134 2453 1249 2530 fugaret
1270 2462 1300 2512 et
1319 2475 1455 2514 venenum

342 2584 461 2640 corpore
488 2571 659 2639 conceptum
684 2564 804 2633 leniret,
834 2563 1057 2622 fascinationem
1083 2582 1275 2622 averruncare
1301 2566 1454 2624 videbatur.

341 2676 443 2751 Itaque
458 2674 496 2733 ad
512 2674 659 2733 simulacri
675 2681 852 2763 unguentum
867 2674 999 2733 adhibita
1018 2681 1077 2745 est,
1098 2681 1131 2732 ut
1146 2675 1302 2734 daemones
1318 2677 1389 2735 mali
1403 2676 1454 2735 lle-

343 2793 423 2842 catae
438 2785 567 2842 ministri
581 2786 773 2860 pellerentur,
790 2805 827 2845 ne
843 2785 888 2843 cui
904 2804 991 2843 canes
1005 2804 1151 2863 unguesve
1166 2786 1252 2856 deae,
1268 2804 1358 2862 quum
1373 2805 1455 2863 appa-

342 2894 462 2962 ruisset,
479 2903 629 2964 nocerent,
645 2915 682 2951 ne
696 2896 740 2952 vis
756 2895 858 2969 iniqua
872 2897 903 2952 in
916 2896 1061 2953 hominem
1073 2895 1235 2971 supplicem
1247 2905 1436 2956 exerceretur.

406 3002 518 3060 Eadem
540 3004 644 3072 herba,
667 3022 703 3060 ue
724 3004 794 3077 quid
813 3005 920 3081 impuri
939 3006 1087 3075 influeret,
1109 3007 1245 3076 cavebat,
1268 3011 1456 3084 tuebaturque

342 3111 521 3182 castitatem,
542 3129 617 3186 quae
638 3120 667 3169 et
686 3113 777 3181 (leam¹
791 3112 933 3190 virginem
953 3124 983 3173 et
1002 3135 1085 3175 sacra
1105 3134 1211 3173 arcana
1229 3086 1361 3176 decebat.
1393 3117 1454 3178 Sch.

309 3205 312 3211 ¹
342 3222 464 3280 Nicand.
481 3222 556 3281 alex.
573 3224 649 3281 410:
672 3217 709 3280 τό
731 3207 764 3280 δὲ
785 3217 919 3307 πήγανον
939 3220 1022 3309 παρὰ
1039 3219 1076 3284 τό
1095 3218 1263 3309 πήγνυσθαι
1283 3222 1339 3292 τήν
1359 3221 1455 3312 γονήν·

341 3332 403 3389 ἔστι
418 3327 475 3417 γοὶρ
491 3329 542 3390 καὶ
557 3328 743 3416 ἐπισχετικόν
757 3338 813 3403 τῆς
824 3330 988 3404 συνουσίας·
1006 3327 1059 3414 (ita
1069 3336 1203 3394 Dioscor.
1217 3339 1250 3408 3,
1264 3338 1315 3395 59.
1329 3338 1455 3398 Galenus

341 3443 376 3499 de
392 3443 488 3519 simpl.
501 3444 652 3503 medicam.
666 3445 695 3514 5,
709 3446 758 3503 93.
775 3446 810 3503 de
823 3445 929 3504 remed.
942 3446 1043 3522 parab.
1057 3448 1074 3504 3
1087 3453 1155 3506 tom.
1172 3449 1210 3505 14
1223 3467 1253 3522 p.
1267 3448 1328 3507 543
1342 3448 1454 3507 Kuehn.

342 3552 472 3628 Geopon.
498 3555 550 3623 19,
574 3556 622 3612 95.
644 3555 721 3614 Plin.
744 3575 773 3612 n.
794 3556 823 3612 h.
847 3556 901 3625 90,
927 3557 979 3625 13,
1001 3556 1050 3614 51.
1073 3554 1159 3614 Ovid.
1180 3557 1288 3614 remed.
1308 3578 1366 3616 am.
1389 3562 1454 3633 801.

340 3661 418 3720 Plut.
441 3680 488 3735 qu.
510 3665 621 3722 conviv.
643 3666 676 3734 3,
697 3668 728 3734 1,
745 3667 762 3723 3
784 3686 812 3741 p.
826 3666 885 3723 647
899 3667 927 3723 b.
952 3663 1147 3724 Consentiunt
1165 3666 1271 3724 medici
1291 3659 1456 3743 nostrates.)

342 3754 386 3826 6ιὸ
407 3768 458 3828 καὶ
478 3770 509 3828 οἱ
529 3767 729 3855 μυούμενοι
750 3771 834 3851 αὐτῷ
849 3778 986 3856 χρῶνται
1013 3776 1128 3834 Pallad.
1145 3779 1178 3846 4,
1196 3778 1230 3846 9,
1250 3778 1303 3837 13:
1326 3786 1412 3852 „ruta
1429 3820 1454 3836 ..

340 3872 649 3940 immundae'mulieris
664 3883 800 3942 formidat
814 3882 984 3945 attactum.“
1001 3886 1114 3944 Eadem
1129 3886 1190 3944 fere
1204 3887 1283 3945 Plin.
1302 3889 1358 3959 98,
1375 3891 1404 3959 7,
1420 3889 1455 3947 93

342 3997 370 4045 et
384 3989 571 4049 Florentiuus
586 3992 617 4048 in
634 3992 765 4078 Geopon.
783 3995 835 4065 19,
852 3996 902 4053 95.
1196 4059 1202 4066 ,

403 4099 480 4158 Tum
495 4107 524 4156 et
538 4106 603 4159 ruta
618 4110 647 4158 et
658 4109 722 4159 ture
734 4110 763 4160 et
774 4104 959 4165 stellionibus
975 4106 1160 4165 oculorum
1174 4107 1273 4167 acies
1288 4109 1457 4169 credebatur

264 4221 269 4227 ’
340 4210 452 4286 augeri:
476 4228 533 4284 qua
547 4212 609 4268 acie
625 4219 738 4271 statuae
754 4232 868 4289 quoque
883 4216 1036 4273 videbatur
1050 4236 1122 4293 opus
1138 4234 1217 4287 esse,
1239 4224 1271 4274 ut
1285 4238 1334 4277 res
1348 4219 1456 4278 futurus

339 4328 438 4394 posset
453 4322 631 4397 praevidere.
655 4323 789 4382 Dioscor.
807 4327 835 4382 3.
853 4327 908 4383 52:
931 4321 994 4383 ἐστὶ
1014 4311 1047 4383 δὲ
1067 4323 1118 4383 καὶ
1138 4312 1270 4397 όξυωπὲς
1289 4321 1456 4410 ἐσθιόμενον

340 4423 421 4507 ὠμόν
436 4427 486 4486 καὶ
500 4426 692 4513 ταριχευτόν.
706 4453 726 4489 .·
743 4432 759 4489 ὁ
777 4417 810 4491 δὲ
823 4429 913 4515 χυλός
924 4473 949 4486 ..
965 4432 1171 4517 ἀμβλυωπίαις
1186 4428 1331 4513 βοηθεῖ..
1346 4432 1456 4523 ἐγχριό

341 4553 434 4614 μενος.
462 4540 513 4597 Ps.
536 4542 669 4601 Galenus
690 4543 725 4599 de
747 4544 852 4601 remed.
874 4544 1033 4619 parabil.3
1058 4555 1127 4606 tom.
1143 4550 1180 4605 14
1201 4567 1230 4622 p.
1244 4548 1305 4607 543
1326 4549 1455 4607 Kuehn.:
