3592 5400
520 504 617 547 curor
630 504 664 547 11.
686 504 728 545 un
742 503 900 547 ursaonun
914 503 1024 547 ronan.
1041 503 1195 548 rumora.
1337 550 1339 557 ,
1373 485 1412 548 17

292 658 416 734 plicaret
430 664 460 715 et
473 657 583 717 formas
600 665 630 715 et
645 659 823 728 sententias,
845 659 881 716 de
900 658 1026 717 lectione
1039 659 1229 734 versibusque
1244 660 1353 736 spuriis
1368 678 1413 718 se·

292 768 418 825 cundum
436 768 665 838 Alexandrinos,
693 768 819 827 fortasse
841 787 876 826 ex
892 751 955 826 ,uno
972 767 1100 844 Didymo
1125 769 1277 839 hauriens,
1304 776 1413 848 ageret,
1490 775 1493 783 '

292 879 430 960 derebus
451 879 546 937 solida
560 897 625 937 cum
639 879 773 937 doctrina
787 879 960 954 disputaret.
989 879 1072 937 Haec
1090 879 1169 936 enim
1190 879 1253 937 eins
1273 881 1413 956 reliquiae

291 989 403 1064 passim
422 992 459 1048 sb
480 990 636 1048 Eustathio
655 996 685 1046 et
709 1009 727 1046 a
747 989 929 1059 scholiastis,
956 989 1128 1064 praesertim
1147 988 1173 1045 B
1197 981 1304 1065 (Lehrs
1319 990 1411 1049 Arist.

291 1118 322 1175 p.
341 1091 419 1175 225)
443 1106 473 1157 et
491 1099 631 1157 Leidensi
654 1091 804 1175 (Valcken.
827 1100 866 1157 ad
885 1102 1020 1158 Ammon.
1042 1099 1078 1156 de
1098 1098 1160 1157 diff.
1181 1099 1270 1158 adfin.
1291 1101 1411 1160 vocabb.

290 1229 321 1285 p.
336 1202 529 1286 237-249)
551 1217 684 1267 servatae
698 1211 862 1267 luculenter
877 1210 1044 1268 ostendunt.
1072 1212 1150 1268 Ante
1171 1210 1296 1268 maiores
1316 1219 1413 1269 autem

292 1320 329 1376 de
335 1319 463 1378 Homero
477 1320 733 1378 commentationes
748 1338 798 1378 aas
811 1320 893 1396 ipsas
901 1321 1088 1396 quaestiones
1096 1321 1240 1391 tractarit,
1254 1339 1326 1397 quas
1334 1321 1413 1379 Lon·

290 1430 378 1506 giuns
389 1437 589 1506 aporematum
599 1431 683 1488 libris
695 1438 864 1506 persecutus
876 1438 948 1488 erat.
966 1422 1137 1513 Ζητίματα
1148 1431 1225 1488 enim
1232 1432 1412 1508 Porphyrius

293 1530 447 1622 Ὀμηρικίι
461 1541 596 1616 scripsit,
619 1559 741 1616 quorum
756 1542 875 1619 triginta
895 1542 953 1598 duo
973 1560 1030 1598 uno
1046 1541 1157 1598 ambitu
1172 1542 1412 1618 comprehensa*,

290 1651 369 1707 haud
390 1669 483 1727 pauca
505 1659 656 1726 praeterea
678 1670 730 1726 per
759 1651 872 1710 scholia
897 1670 1002 1728 sparsa
1025 1650 1112 1708 hodie
1133 1652 1271 1728 leguntur
1292 1647 1411 1730 (Lehrs.

290 1761 455 1818 Aristarchi
474 1781 502 1836 p.
517 1761 588 1819 228.
619 1761 812 1838 Wollenberg.
835 1762 870 1819 de
890 1761 1047 1837 Porphyrii
1067 1761 1143 1819 stud.
1164 1761 1285 1820 Homer.
1306 1782 1335 1838 p.
1352 1756 1412 1840 14).

291 1871 342 1930 Ait
356 1871 387 1928 in
402 1873 468 1946 ipso
483 1872 586 1929 harum
598 1872 802 1946 quaestionum
814 1870 945 1929 exordio:
960 1865 1016 1939 τοὶς
1030 1864 1083 1952 μὲν
1095 1857 1212 1952 μείζους
1224 1872 1263 1940 εἰς
1273 1861 1414 1954 Ὅμηρον

290 1976 500 2065 πραγματείας
525 1972 751 2062 ὑπερτιθέμενος
777 1981 816 2049 εἰς
843 1976 946 2063 καιρὸν
973 1971 1102 2059 σκέψεως
1130 1975 1184 2036 τον
1213 1977 1413 2062 προσήκοντα,

290 2087 381 2148 ταυτὶ
396 2075 429 2149 δὲ
444 2081 506 2149 οἷον
520 2083 741 2174 προγύμνασμα
755 2094 816 2147 τῶν
832 2090 871 2159 εἰς
886 2085 979 2148 αὐτὸν
1000 2084 1125 2173 ἀγώνων
1210 2090 1295 2149 Nihil
1316 2092 1359 2150 ibi
1378 2111 1414 2149 ex

291 2202 460 2260 sublimiore
474 2201 662 2278 philosophia
675 2201 799 2277 petitum
813 2201 933 2261 Homeri
949 2201 1046 2261 verbis
1062 2201 1226 2279 subiungit,
1249 2202 1302 2259 sed
1317 2202 1414 2260 omnia

290 2313 328 2370 ad
342 2331 435 2389 genus
446 2312 562 2370 dicendi
574 2313 783 2386 verborumque
794 2289 1199 2388 significationempertinent
1210 2319 1253 2382 et,
1269 2321 1302 2369 nt
1313 2320 1414 2372 auctor

290 2423 356 2499 ipse
380 2423 435 2493 ait,
455 2422 616 2481 Homerum
636 2442 672 2480 ex
686 2423 814 2480 Homero
840 2423 1001 2499 explicant:
1028 2441 1092 2500 cap.
1112 2408 1275 2491 11.“οἰξιῶν
1297 2407 1330 2479 δὲ
1351 2417 1412 2506 ἐγὼ

290 2521 432 2615 ’Όμηρον
448 2525 503 2611 (sic
516 2553 569 2610 pro
585 2526 601 2589 ὃ
618 2536 759 2616 μαρτυρῶ
775 2552 810 2591 ex
825 2533 917 2591 schol.
930 2533 965 2590 B.
980 2532 1015 2589 Il.
1031 2533 1058 2590 6.
1072 2532 1148 2600 201,
1166 2532 1217 2590 ubi
1232 2533 1413 2608 Porphyrius

291 2650 321 2700 et
336 2643 503 2703 nominatur
513 2653 543 2703 et
554 2645 729 2704 verbotenus
742 2642 930 2713 exscribitur,
943 2641 1106 2700 rectissime
1119 2640 1321 2703 Gildersleeve
1332 2662 1362 2719 p.
1375 2645 1410 2702 ll

291 2762 351 2813 not.
366 2748 395 2833 2>
412 2741 444 2824 ἐξ
460 2747 595 2838 Ὀμήρου
612 2741 788 2836 σαφηνίζειν.
809 2755 852 2813 Id.
866 2755 965 2830 oap.'I.
978 2753 1043 2810 init.
1061 2745 1217 2821 Πολλάκις
1232 2745 1285 2835 μὲν
1300 2751 1331 2810 ἐν
1346 2758 1414 2822 ταῖς

290 2860 362 2948 πρὸς
377 2860 528 2934 ἀλλήλους
543 2861 706 2933 συνουσίαις
721 2856 895 2947 Ὁμηρικῶν
911 2850 1095 2946 ζητημάτων
1116 2856 1312 2947 γιγνομένων,
1328 2854 1414 2920 Ἀνα-
1517 2871 1519 2874 ’

290 2970 388 3049 τόλιε,
404 2973 503 3058 κάμοῦ
516 2960 664 3033 δεικνύναι
677 2968 876 3057 πειρωμένου,
892 2974 932 3043 ὡς
947 2970 1037 3043 αὐτὸς
1053 2966 1105 3057 μὲν
1120 2968 1228 3031 ἑαυτὸν
1247 2968 1289 3031 σοὶ
1313 2968 1415 3032 πολλοὶ

289 3074 429 3169 Ὅμηρος
439 3072 593 3170 ἐξηγεῖται
664 3070 792 3153 ἠξίωσας
807 3074 979 3168 ἀναγράψαι
990 3102 1028 3168 με
1040 3080 1081 3142 τοὶ
1091 3076 1238 3167 λεχθέντα
1299 3083 1415 3145 Similia

291 3215 375 3274 capp.
389 3198 406 3255 8
420 3204 449 3254 et
461 3198 478 3256 9
492 3204 522 3254 et
534 3199 583 3256 30.
623 3192 628 3199 “

355 3307 494 3365 Videmus
509 3308 696 3382 quaestiones
716 3308 754 3364 ad
769 3307 939 3365 Anatolium
955 3324 1020 3364 esse
1040 3305 1209 3381 inscriptas.
1237 3303 1325 3363 Hunc
1339 3306 1414 3363 larn-

291 3418 381 3477 blichi
395 3418 567 3495 magistrum
582 3424 650 3475 ante
665 3417 859 3494 Porphyrium
879 3416 972 3474 fuisse
987 3415 1141 3491 Eunapius
1161 3415 1251 3474 tradit
1271 3416 1322 3472 vit.
1338 3416 1414 3472 Iam·

290 3528 381 3586 blichi
395 3529 476 3587 init:
496 3528 674 3587 lamblichus
690 3518 854 3603 Ἀνασολίῳ
868 3530 930 3583 τῶν
954 3519 1033 3608 μετὰ
1049 3517 1217 3606 Πορφὺριον
1231 3518 1273 3580 τοὶ
1288 3508 1414 3616 δεύτερα

292 3631 443 3720 φερομένῳ
464 3632 679 3723 συγγενόμενος
699 3630 776 3695 πολύ
798 3653 834 3721 γε
855 3620 990 3693 ἐπέδωκε
1005 3630 1056 3692 καὶ
1076 3634 1116 3703 εἰς
1136 3626 1226 3716 ἄκρον
1241 3629 1415 3716 φιλοσοφίας

290 3742 440 3830 ἤκμασεν·
463 3740 531 3806 εἶτα
546 3742 611 3831 μετ’
627 3740 800 3806 Ἀνατόλιον
815 3740 974 3830 Πορφυρίῳ
989 3736 1124 3828 προσθεὶς
1139 3737 1246 3802 ἑαυτόν
1261 3787 1267 3801 .
1280 3787 1305 3801 ..
1331 3744 1415 3803 Nihil
1486 3825 1488 3828 Ι

361 3915 438 3999 *lid
461 3944 516 3999 Ian.
535 3945 654 3998 irascaris
671 3944 747 3999 Rom.
767 3944 840 3997 1518.
859 3943 883 3997 8.
901 3974 935 3983 -
951 3943 1030 3996 Andr.
1047 3944 1180 3996 Asuleuus
1198 3942 1290 3995 Venet.
1308 3941 1381 3994 1521.
1398 3941 1415 3994 8

292 4048 314 4085 ο.
334 4046 429 4085 comm.
448 4030 479 4083 do
498 4036 571 4083 antro
582 4014 778 4099 Nympharum.
793 4062 826 4069 -
843 4029 894 4083 Iac.
914 4014 1016 4081 Bedout
1034 4046 1055 4082 c.
1075 4027 1156 4081 schol.
1175 4027 1281 4095 Didymi
1299 4044 1324 4096 q.
1344 4026 1367 4080 d.
1387 4027 1415 4078 in

291 4116 369 4169 Hom.
388 4116 526 4184 Argentor.
548 4114 620 4167 1539.
643 4114 667 4169 8.
687 4145 720 4154 —
742 4132 801 4167 cum
823 4116 936 4167 Homero
959 4113 1123 4166 Camerarius
1147 4118 1173 4163 et
1194 4113 1316 4180 Micyllus
1341 4110 1414 4161 1541.

293 4200 368 4254 1543.
389 4200 463 4253 1551.
474 4201 500 4255 4.
513 4230 547 4240 -
563 4205 663 4253 mutato
681 4200 772 4253 ordine
788 4200 816 4252 in
834 4200 940 4252 Homeri
957 4198 997 4252 ed.
1010 4198 1119 4249 Barnea.
1131 4196 1254 4250 Cantabr.
1271 4195 1342 4247 1711.
1355 4195 1415 4245 4.-

292 4283 468 4337 Commentati
489 4286 521 4338 de
542 4286 594 4338 illis
616 4292 678 4338 sunt
694 4285 726 4339 B.
744 4286 894 4337 Lannavius
914 4284 1088 4337 Gildersleere
1100 4282 1283 4344 Americanus,
1304 4280 1335 4329 de
1353 4278 1414 4330 Por-

291 4368 378 4438 phyrii
395 4370 488 4422 studiis
512 4370 662 4435 homericis,
686 4387 780 4424 comm.
799 4370 904 4439 inaug„
927 4366 1045 4436 Gotting.
1067 4366 1140 4419 1853.
1160 4366 1184 4418 8.
1204 4381 1261 4433 cap.
1281 4363 1303 4414 l.
1321 4368 1348 4413 et
1364 4363 1412 4415 lul.

292 4454 464 4524 Wollanberg
481 4454 513 4508 de
524 4455 553 4511 P.
572 4455 665 4508 studiis
683 4454 847 4524 philologieis
866 4470 940 4525 capp.
952 4453 1079 4523 quinque,
1097 4466 1192 4504 comm.
1205 4449 1294 4516 inaug.
1314 4446 1354 4500 ch.
1373 4446 1432 4524 81¹*

292 4538 378 4593 Barol.
401 4539 473 4592 1854.

1195 4634 1211 4685 2
