3592 5400
572 534 670 577 carnr
683 533 713 576 v.
735 532 777 576 oe
793 533 998 577 oaaeraoauu
1013 534 1134 577 uernis.
1372 512 1413 579 89

292 687 310 746 ὁ
322 679 496 770 συνταχθεὶς
505 679 644 764 Θήβησιν
658 683 716 745 ὑπὸ
727 673 952 771 Ἐπαμινώνδου
967 683 1041 771 ἱερὰς
1055 682 1156 770 λόχος,
1171 684 1223 746 καὶ
1233 687 1250 746 ὁ
1261 683 1343 748 κατὰ
1352 693 1414 747 τῶν

291 780 552 879 Πεισιστρατιδῶν
571 789 699 867 θάνατος
718 793 775 856 aad
791 789 819 854 'A
825 783 946 881 ρριοδίοο
965 794 1017 854 καὶ
1030 790 1275 883 Ἀριστογείτονος
1289 794 1414 884 ysaiae·

291 925 354 977 νος·
375 903 442 990 περὶ
461 900 601 965 Σικελίαν
622 892 647 965 δ’
661 906 693 965 ἐν
712 900 889 992 Ἀκράγαντι
908 905 925 965 ὁ
945 900 1115 989 Χαρίτωνος
1134 904 1186 965 καί
1204 902 1412 968 Μεναλίπποιι

290 1011 491 1087 Μενάλιππος
510 1001 537 1074 δ’
550 1006 588 1082 ἦν
606 1012 647 1074 τοὶ
661 1003 801 1090 παιδικά,
821 1013 862 1087 ὥς
875 1035 963 1100 φησιν
977 1003 1173 1101 Ἡρακλείδης
1188 1018 1204 1076 ὁ
1220 1013 1368 1090 Ποντικὸς
1382 1019 1413 1080 tv

290 1133 337 1204 τῷ
359 1124 426 1212 περὶ
447 1126 602 1210 ἐριστικῶν.
639 1116 737 1185 Οὗτοι
759 1123 901 1211 φανέντες
921 1121 1163 1206 ἐπιβουλεύοντες
1184 1116 1337 1213 Φαλάριδι

292 1239 381 1313 Quod
396 1258 432 1296 ex
446 1238 602 1296 Heraclide
616 1239 729 1309 attulit,
750 1240 948 1315 parenthetica
969 1241 1053 1314 quasi
1075 1241 1212 1311 inseruit,
1237 1261 1303 1299 narn
1318 1244 1413 1320 pergit

291 1350 336 1406 ita
352 1359 382 1406 nt
397 1349 434 1406 ad
449 1352 536 1407 verba
550 1348 611 1407 illis
627 1349 828 1407 antecedentia
842 1351 951 1409 redeat.
982 1351 1028 1408 lix
1041 1349 1198 1408 Heraclide
1213 1349 1285 1409 illud
1300 1360 1411 1410 tantum

292 1460 418 1528 notavit,
435 1478 492 1515 non
505 1457 707 1528 Charitonem,
723 1460 776 1519 sed
787 1460 987 1537 Menalippum
998 1461 1164 1519 Phalaridis
1177 1461 1269 1520 fuisse
1281 1481 1410 1538 puerum.

292 1571 372 1628 Fons
388 1569 477 1626 totius
498 1569 674 1627 narrationis
689 1570 884 1645 Hieronymus
906 1570 1037 1628 Rhodius
1057 1570 1155 1646 potius
1174 1569 1242 1641 fuit,
1262 1572 1411 1648 Peripate·

292 1681 382 1750 tiens,
398 1678 560 1737 Ptolemaei
572 1680 772 1755 Philadelphi,
788 1680 927 1757 Antigoni
940 1680 1109 1751 Gonnatae,
1124 1681 1267 1739 Eumenis
1279 1689 1308 1738 et
1320 1684 1411 1740 Attali

291 1791 451 1866 primorum
471 1789 603 1864 aequalis
624 1782 728 1867 (Diog.
741 1789 796 1847 La.
810 1791 837 1848 4.
853 1791 880 1847 6.
897 1792 933 1848 17
947 1808 1007 1865 sq.;
1024 1790 1053 1847 5.
1069 1791 1116 1848 14.
1130 1792 1164 1861 4;
1181 1793 1210 1849 0.
1226 1793 1273 1849 12.
1288 1783 1333 1870 5).
1366 1795 1411 1851 Ab

292 1899 354 1958 Cic.
368 1900 404 1956 de
415 1900 464 1957 fin.
480 1900 507 1956 5.
522 1900 549 1957 5.
567 1900 604 1956 14
616 1900 811 1975 Hieronymus
823 1901 924 1957 doctus
937 1902 1022 1958 homo
1034 1908 1063 1957 et
1076 1901 1187 1970 suavis,
1205 1909 1278 1959 orat.
1289 1903 1337 1961 56.
1352 1904 1410 1961 190

290 2009 506 2086 Peripateticus
525 2010 668 2086 imprimis
689 2010 795 2069 nobilis
816 2011 983 2087 appellatur
1003 2018 1032 2067 et
1051 2029 1137 2086 quum
1159 2011 1231 2081 alia,
1257 2024 1318 2069 tum
1339 2011 1411 2069 ὐπο-

292 2107 589 2204 ρινιζματαίστορικοί
611 2139 635 2179 s.
658 2114 699 2177 τοὶ
721 2103 873 2202 σποράδην
895 2114 1097 2204 ὑπομνήματα
1117 2122 1153 2179 de
1172 2122 1410 2200 philosophorum

292 2238 322 2287 et
332 2239 484 2307 poetarum
495 2230 617 2289 historia
629 2223 677 2308 (cf.
689 2231 823 2289 Muelleri
837 2231 872 2288 fr.
885 2232 954 2290 hist.
966 2251 1010 2309 gr.
1024 2232 1041 2290 2
1054 2252 1083 2309 p.
1097 2233 1158 2290 450
1170 2225 1256 2311 not),
1269 2233 1304 2290 de
1315 2233 1410 2309 poetis

291 2341 383 2398 libros
403 2358 461 2398 non
482 2340 578 2399 minus
599 2342 726 2416 quinque
746 2335 866 2421 (Athen.
883 2344 931 2399 14.
945 2343 973 2400 0.
988 2344 1026 2401 37
1042 2363 1071 2419 p.
1086 2343 1146 2402 035
1159 2335 1202 2421 l),
1225 2345 1261 2401 de
1281 2345 1410 2403 numeris

292 2444 429 2528 (Rufinus
440 2471 470 2528 p.
486 2443 556 2529 191)
572 2452 699 2528 scripsit.
719 2487 756 2495 —
774 2450 858 2525 Quae
869 2459 967 2509 tamen
981 2452 1109 2510 hocloco
1122 2454 1288 2512 Athenaeus
1300 2454 1409 2524 attulit,

292 2581 328 2618 ex
339 2561 510 2636 Hieronymi
523 2542 657 2638 epistulis
669 2562 783 2619 videtur
793 2562 937 2631 hausisse,
950 2563 992 2618 ait
1003 2563 1081 2619 enim
1093 2565 1139 2621 10.
1154 2565 1200 2621 10.
1211 2564 1261 2621 45.
1270 2583 1299 2639 p.
1309 2565 1369 2622 435
1377 2583 1409 2621 a:

292 2663 461 2754 Ἱερώνυμός
476 2687 512 2729 τε
529 2669 559 2729 ἐν
573 2675 641 2741 ταῖς
655 2669 827 2741 ἐπιστολαῖς
840 2663 1037 2755 Θεόφραστόν
1053 2688 1123 2754 φησι
1138 2665 1250 2757 λέγειν,
1270 2667 1316 2731 ὅτι
1327 2665 1410 2731 Ἀλέ-

291 2766 416 2865 ξανδρος
430 2779 485 2839 οὐκ
500 2768 533 2840 εὖ
550 2766 677 2839 διέκειτο
692 2777 764 2865 πρὸς
778 2776 819 2840 τοὶ
834 2766 1005 2863 ἀφροδίσια,
1021 2784 1087 2858 iam
1098 2790 1238 2860 sequente
1253 2785 1317 2843 eius
1332 2805 1410 2843 amo·

291 2913 356 2951 rum
371 2892 595 2951 enumeratione.
630 2891 709 2951 Sane
728 2894 845 2970 quidem
865 2894 900 2951 dc
916 2912 967 2953 suo
983 2894 1116 2957 nonnihil
1130 2896 1297 2955 Athenaeus
1319 2897 1411 2954 adrni-

289 3004 381 3073 scuit,
404 3004 455 3061 sed
477 3004 626 3069 oraculum
639 3003 735 3079 ipsum
751 3023 808 3061 non
824 3013 869 3062 est
884 3006 961 3080 quod
976 3005 1092 3063 aliunde
1108 3006 1135 3063 ei
1150 3006 1313 3065 innotuisse
1327 3015 1410 3084 pute·

288 3133 354 3172 mus
370 3131 405 3171 ac
420 3120 510 3171 totam
523 3115 728 3171 narrationem.
753 3112 812 3174 Sed
824 3134 994 3175 censeamus
1009 3116 1091 3187 licet,
1106 3117 1231 3193 primurn
1243 3138 1358 3177 versum
1372 3120 1410 3178 ab

288 3225 471 3300 Hieronymo
483 3224 622 3282 omissum
635 3243 700 3283 esse
712 3232 740 3282 et
751 3234 876 3284 metrum
888 3227 996 3283 oraculi
1009 3226 1078 3284 olim
1089 3226 1182 3285 fuisse
1194 3228 1363 3305 elegiacum,
1371 3264 1405 3273 —

288 3335 395 3392 mirum
416 3335 515 3410 utique
537 3335 593 3393 hoc
611 3342 736 3402 metrum
755 3343 813 3393 tam
835 3336 955 3411 antiquo
974 3338 1049 3394 foret
1069 3343 1208 3412 tempore.
1237 3339 1329 3412 Atqui
1350 3358 1409 3397 non

288 3445 437 3503 fidendum
452 3444 644 3521 Hieronymo,
667 3446 713 3504 cui
733 3446 894 3503 doctrinam
910 3463 996 3521 quam
1011 3446 1149 3502 iudicium
1164 3446 1303 3505 maiorem
1317 3448 1409 3507 luisse

288 3574 377 3632 quum
393 3555 460 3615 aliis
475 3556 653 3632 argumentis
666 3557 818 3631 concludo,
835 3564 896 3614 tum
908 3555 991 3627 iude,
1007 3557 1084 3632 quod
1096 3553 1209 3616 Socrati
1221 3557 1294 3616 duas
1305 3578 1409 3617 uxores

289 3665 378 3723 simul
397 3665 488 3723 luisse
509 3666 660 3723 tradiderit
681 3660 946 3745 (Diognetus.
963 3658 1096 3741 1010),
1124 3686 1197 3741 quas
1223 3661 1361 3744 deinceps
1382 3670 1409 3726 ei

287 3775 382 3833 fuisse
397 3795 432 3832 ex
442 3776 602 3833 Aristotele
617 3784 741 3835 constat.
759 3770 857 3854 (Diog.
869 3777 924 3835 La.
937 3768 990 3854 ib.)
1012 3778 1115 3851 Itaque
1130 3778 1223 3835 satius
1239 3779 1294 3835 crit
1305 3779 1409 3836 Hiero-

288 3906 376 3961 nymo
393 3886 514 3943 eundem
530 3905 656 3943 errorem
673 3887 814 3957 tribuere,
830 3905 916 3962 quem
931 3887 982 3944 alii
998 3888 1075 3945 haud
1088 3888 1172 3965 pauci
1188 3890 1407 3949 commiserunt:

288 4002 322 4052 ut
336 4001 440 4072 poetae
454 3995 578 4054 alicuius
593 3995 695 4054 Dorici
709 4015 826 4067 versus,
847 3997 897 4073 qui
917 3997 1026 4056 oraculi
1040 3999 1155 4075 antiqui
1170 4001 1344 4059 sententiam
1361 4021 1409 4059 ex-

287 4106 446 4183 presserit,
461 4125 514 4182 pro
529 4107 593 4183 ipso
608 4107 742 4165 habuerit
758 4108 883 4167 oraculo.

353 4216 397 4275 Ut
418 4216 476 4273 iarn
496 4217 597 4291 paucis
618 4218 857 4293 complectamur,
880 4239 955 4296 quae
977 4220 1125 4279 invenisse
1145 4222 1229 4280 nobis
1249 4223 1407 4291 videamur,

288 4335 406 4403 praeter
420 4328 602 4385 hexametros
619 4334 647 4384 et
663 4329 821 4386 orationem
837 4331 961 4388 solutam
973 4330 1149 4408 Delphicum
1162 4332 1308 4389 oraculum
1320 4331 1408 4389 etiam

289 4437 430 4495 trimetris
445 4437 576 4495 iambicis
587 4456 676 4495 -usum
691 4447 750 4509 cst,
774 4440 868 4515 iisque
888 4461 945 4498 non
967 4448 1079 4499 tantum
1094 4441 1253 4518 posteriore
1269 4449 1406 4519 tempore.

290 4544 379 4605 Certa
393 4547 479 4605 huius
494 4548 578 4607 metri
595 4549 727 4627 exempla
741 4558 809 4609 sunt
823 4569 964 4610 annorum
978 4551 1039 4607 fere
1050 4550 1275 4630 quingentesimi
1292 4558 1322 4609 et
1337 4570 1407 4629 qua-
