3592 5400
621 519 718 563 carur
732 521 760 563 v.
784 521 826 565 na
841 522 1046 567 oarcrnonuu
1061 526 1180 570 narare.
1420 511 1457 574 'll

340 669 392 746 qur
412 648 591 730 armanus
606 672 656 731 ιι.
673 673 692 731 a
712 673 825 733 cracem
842 676 944 734 muros
964 677 1118 749 oeream,
1137 681 1184 739 10.
1202 681 1251 740 aa.
1271 684 1284 740 1
1302 683 1359 741 ue
1378 680 1460 742 ιιιι

342 771 409 848 θεὰς
430 783 507 860 σφᾶς
528 778 651 840 odaria
670 776 842 864 φοβεῖσθαι,
864 772 1006 866 φυλάξειν
1029 771 1063 844 δὲ
1084 784 1174 858 αὐτὸς
1196 784 1402 874 ἐπηγγέλλετο
1420 788 1462 852 τιὶ

341 888 461 949 ἑαυτοῦ.
487 892 535 950 Ab
552 891 620 950 aliis
640 893 730 970 igitur
748 894 830 953 nives
850 897 966 955 oraculo
988 897 1170 974 significatae
1189 918 1254 959 csse
1273 904 1459 976 putabantur,

340 1001 379 1058 ab
392 1000 462 1059 aliia
476 1001 549 1059 deae
563 999 661 1078 λευκῷ
676 995 750 1079 λίθῳ
764 1005 905 1082 sculptae.
928 1009 1024 1082 Atque
1039 1008 1083 1067 sic
1096 1009 1132 1067 de
1145 1010 1208 1068 foro
1223 1011 1358 1085 canaque
1373 1010 1460 1088 Siph-

339 1111 471 1181 niorum,
491 1112 665 1171 constructis
685 1113 773 1173 Pario
792 1116 903 1192 lapide,
925 1118 1071 1176 oraculum
1092 1138 1139 1195 ap.
1160 1119 1339 1179 Herodotum
1363 1123 1391 1180 3.
1409 1123 1458 1180 57:

340 1214 408 1277 ἀλλ’
424 1215 498 1277 ὅταν
512 1217 678 1304 πρυτανήια
693 1219 787 1281 λιυιιά
802 1219 940 1308 γένηται,
955 1221 1117 1310 λεύκοφρύς
1130 1223 1157 1285 τ’
1172 1224 1267 1312 ἀγορή
1282 1273 1289 1286 .
1304 1273 1310 1285 .

406 1330 563 1400 Similiter,
579 1340 611 1389 ut
625 1340 707 1403 tnnc,
723 1335 843 1410 Apollo,
865 1354 953 1411 quum
967 1338 1082 1394 Xerxes
1097 1338 1229 1414 Delphos
1244 1341 1457 1416 aggrederetur,

340 1439 396 1497 οὐκ
410 1441 447 1498 ἔοι
461 1434 553 1522 σφέας
567 1434 684 1515 κινέειν,
705 1438 761 1524 φὰς
783 1439 873 1513 αὐτὸς
893 1440 993 1514 ἱκανὸς
1011 1437 1086 1503 εἶναι
1099 1451 1160 1504 τῶν
1179 1445 1289 1505 ἑαυτοῦ
1307 1456 1459 1530 προκατῆ-

340 1543 411 1607 σθαι
423 1545 600 1628 (Herodotus
617 1553 645 1610 8.
663 1545 730 1630 36);
750 1562 780 1610 et
794 1572 882 1628 quum
896 1555 999 1624 Iason,
1014 1557 1211 1615 Pheraeorum
1231 1565 1386 1633 tyrannus,
1408 1559 1459 1619 iis·

339 1662 405 1718 dem
421 1660 547 1736 Delphis
563 1662 671 1719 bellum
686 1662 820 1734 inferret,
834 1665 1009 1740 Xenophon.
1025 1664 1104 1723 Hali.
1123 1666 1151 1723 6.
1169 1668 1197 1724 4.
1215 1669 1254 1725 30
1270 1675 1369 1724 narrat
1384 1665 1458 1727 ἀπο-

339 1761 494 1850 κρίνασθαι
504 1765 559 1827 τόν
571 1761 647 1842 θεύν,
662 1766 710 1828 ὅτι
725 1770 809 1847 αὐτῷ
821 1767 953 1854 μελήσει
976 1773 1059 1846 Quae
1071 1777 1159 1833 verba
1168 1778 1457 1854 paroemiographum
1532 1786 1534 1791 '
1585 1784 1589 1793 '

339 1880 449 1937 codicis
465 1878 640 1939 Coisliniani
655 1881 835 1951 fefellerunt,
856 1883 897 1939 ita
913 1891 945 1939 nt
960 1902 1088 1952 versum,
1105 1885 1154 1958 qui
1175 1886 1212 1941 ad
1227 1885 1374 1943 Brennum
1392 1906 1458 1963 per·

339 1990 428 2058 tinet,
444 1991 481 2046 ad
496 1990 631 2048 Iasonem
646 1991 776 2048 referret.
798 1992 866 2067 Ipse
881 1991 932 2048 ille
947 2011 1049 2050 versus
1063 1993 1147 2050 Aelio
1162 1993 1284 2052 Aristidi
1300 1995 1457 2052 somnianti

338 2101 368 2157 in
385 2106 512 2157 mentem
528 2101 606 2157 venit
622 2094 705 2178 (orat.
722 2119 822 2158 sacrae
837 2103 856 2159 4
872 2121 901 2177 p.
919 2103 979 2159 338
995 2110 1067 2158 extr.
1083 2095 1185 2178 leba).

884 2299 914 2352 4.

403 2430 446 2489 Ut
464 2431 538 2487 haec
557 2449 593 2486 ex
614 2430 818 2489 vetustioribus
832 2431 974 2508 genuina,
995 2431 1024 2487 id
1040 2437 1085 2487 eat
1098 2430 1164 2488 fusa
1180 2431 1210 2487 in
1227 2431 1343 2506 templis
1358 2430 1456 2488 riden-

339 2548 400 2611 tur,
416 2542 459 2598 ita
473 2561 530 2598 non
546 2540 735 2599 dubitandum
751 2548 810 2609 est,
826 2541 895 2616 quin
911 2547 978 2615 post
990 2539 1139 2598 Christum
1154 2547 1254 2596 natum
1268 2540 1379 2614 aliquot
1394 2511 1456 2597 dra-

338 2653 405 2710 cula
427 2651 531 2710 iisdem
553 2650 680 2709 numeris
703 2649 836 2709 iambicis
858 2649 919 2708 sint
936 2649 1017 2742 data.
1052 2647 1219 2708 Scholiasta
1239 2649 1455 2726 Aristophanis,

338 2781 426 2837 quem
442 2760 645 2837 Symmachum
665 2761 757 2820 fuisse
773 2759 810 2817 Ο.
827 2758 988 2819 Schneider
1002 2743 1150 2837 plerisque
1166 2760 1313 2835 probavit,
1334 2760 1372 2816 ad
1387 2761 1454 2817 nub.

341 2874 401 2931 144
417 2872 473 2929 ait:
492 2867 529 2929 τύ
551 2865 604 2954 μὲν
624 2858 675 2928 οὖν
694 2867 745 2927 καὶ
760 2864 804 2927 ἐπ’
819 2865 884 2953 ἐμοὶ
905 2864 989 2953 μέχρι
1003 2866 1054 2927 καὶ
1068 2873 1118 2926 νῦν
1132 2862 1310 2952 κεχρηκέναι
1324 2864 1377 2926 τὸν
1392 2862 1456 2925 Πύ-

338 2974 402 3038 θιον
417 2975 497 3038 ούτω
513 2964 576 3059 (διὰ
590 2973 778 3062 τριμέτρων),
794 2974 918 3064 aspriora
932 2974 1038 3065 λέγειν.
1065 2982 1106 3040 Et
1120 2987 1187 3038 ante
1202 2999 1268 3037 eum
1281 2980 1458 3038 Plutarchus

337 3093 375 3150 de
395 3092 504 3167 Pythia
525 3091 564 3148 20
579 3109 608 3165 p.
625 3092 685 3149 403
706 3090 732 3147 f:
754 3079 850 3147 Ἔνιοι
871 3074 904 3147 δὲ
923 3082 1081 3174 (γρηομοὶ)
1101 3086 1152 3148 καὶ
1172 3093 1221 3146 νῦν
1242 3084 1321 3173 μετὰ
1341 3083 1456 3172 μέτρων

337 3195 540 3283 ἐκτρέχουσιν,
556 3219 677 3275 qnorum
690 3220 778 3258 unum
793 3200 880 3258 affert
893 3221 951 3258 non
967 3201 1056 3259 multo
1071 3207 1138 3257 ante
1153 3200 1252 3256 datum
1267 3200 1454 3268 adolescenti,

336 3310 475 3369 Herculis
489 3311 636 3389 Misogyni
651 3311 681 3367 iu
695 3311 823 3368 Phocide
838 3311 995 3380 sacerdoti,
1017 3310 1067 3385 qui
1082 3327 1169 3384 quum
1184 3308 1288 3385 virgini
1303 3326 1336 3363 se
1350 3307 1455 3364 miscu-

337 3423 412 3481 isset
426 3416 475 3479 ἐπὶ
488 3415 524 3477 τύ
541 3426 682 3502 μαντεῖον
697 3395 848 3504 κατύφυγε
865 3413 940 3497 (sine
955 3418 1041 3476 dubio
1055 3416 1245 3493 Delphicum3
1268 3434 1335 3471 nam
1351 3416 1456 3473 dehoc

336 3531 472 3608 inprimis
492 3531 666 3588 Plutarchus
686 3530 828 3606 loquitur,
849 3537 878 3587 et
899 3529 1010 3585 homini
1030 3526 1176 3586 Phocensi
1196 3525 1359 3601 proximum
1380 3518 1454 3602 erat)

337 3637 389 3699 καὶ
411 3636 477 3723 περὶ
498 3644 553 3708 τῆς
575 3636 721 3723 ἁμαρτίας
742 3634 845 3722 ἠρώτα
865 3633 919 3695 cdv
942 3630 1022 3709 θεόν,
1049 3634 1139 3704 εἴτις
1162 3634 1207 3698 εἴη
1229 3627 1414 3716 παράκλησις
1429 3622 1454 3718 ,ἢ

336 3744 432 3819 λύσις·
447 3746 498 3807 καὶ
512 3746 603 3825 ἔλαβε
618 3734 706 3807 τόνδε
721 3745 774 3807 τύν
788 3742 930 3831 ρριιρμύν·

507 3855 628 3916 ἅπαντα
643 3857 795 3942 ἀναγκαῖοι
811 3852 877 3936 (scr.
893 3849 1030 3940 τάναγα.)
1047 3859 1196 3938 συγχωρεῖ
1209 3847 1281 3923 θεός.

850 4034 912 4091 .5.

402 4173 503 4230 Potuit
518 4172 580 4229 dari
595 4174 625 4228 in
642 4170 792 4247 Sarapidis
807 4170 878 4226 aede

658 4272 770 4342 χρησμὸς
789 4270 865 4331 δοθεὶς
883 4268 910 4321 ἐκ
928 4276 972 4322 τοῦ
990 4268 1123 4339 Σεράπιδος
1141 4273 1177 4337 τῷ
1196 4265 1235 4318 διὰ
1253 4266 1345 4332 πλῆθος
1363 4264 1453 4333 ἀτυχη-

696 4355 779 4424 μάτων
797 4355 921 4427 χρωμένῳ
939 4355 980 4406 ιιιιλ
998 4352 1134 4423 αἰτιωμένῳ
1152 4352 1194 4403 τὸν
1213 4351 1274 4401 θεόν,
1375 4387 1377 4391 .

544 4442 584 4508 Μὴ
603 4442 685 4511 μέμφῃ
705 4443 806 4510 μοῖραν,
825 4439 858 4507 μὴ
877 4439 945 4498 θεοὺς
964 4437 1052 4507 μηδέν,
1071 4437 1133 4504 ξένε,

544 4525 609 4596 ὥρην
629 4525 654 4577 δὲ
672 4525 783 4595 μέμφου,
800 4525 829 4589 ἢν
848 4523 928 4592 πατὴρ
946 4520 1041 4592 ἔσπειρὲ
1057 4538 1091 4572 σε.
