3592 5400
820 530 910 574 nasu
931 530 974 575 m.

465 675 583 741 λυέσθω
598 677 713 766 ρύσεως
727 686 746 759 †
762 669 892 767 ¹iaopai,
908 682 956 742 ἵνα
971 690 1047 743 σοῖσι
1061 679 1201 769 πίθωμαι

466 781 491 850 ὦ
506 776 584 875 κραθ
592 787 654 866 ini,
666 791 697 852 τί
711 789 841 865 λέληκας
856 791 1029 874 ἀναλκείῃσι
1043 802 1185 870 πιπεῒσας

379 923 388 937 ·
466 903 512 972 ὡς
525 896 642 974 ποθέεις
657 898 793 987 μαθέειν,
809 900 826 962 ὅ
841 923 879 964 σε
895 903 937 987 μη
953 899 1037 988 θέμις
1050 891 1103 964 ὥθ’
1115 903 1255 990 ἐρεείνειν.

466 1019 561 1079 στητε
575 1007 698 1090 πόθοοῧ,
712 1009 867 1075 παύσασθε
883 1013 960 1093 βίης,
974 1009 1079 1075 τιιτθοί
1092 1014 1166 1100 περ4
1182 1015 1288 1090 ἐόντες.

336 1118 376 1169 καὶ
396 1117 467 1187 ἕτερα
484 1117 568 1168 πολλὰ
585 1124 687 1171 τοιαῦτα
704 1119 842 1190 Πορφύριος
861 1119 1031 1189 παρατίθεται,
1054 1121 1097 1186 τήν
1120 1140 1145 1172 τε
1168 1123 1221 1190 βίαν
1243 1125 1293 1174 τῶν
1317 1123 1459 1175 καλούντων

337 1203 475 1273 ἀνθρώπων
494 1200 660 1274 ἐατραγῳὸῶν
678 1204 718 1256 καί
736 1207 785 1256 τῶν
804 1205 956 1275 βιαζομένων
975 1205 1035 1256 θεῶν
1054 1205 1097 1272 τὴν
1116 1204 1154 1257 ἐπὶ
1172 1211 1223 1268 τοῖς
1236 1209 1414 1278 συμπίπτουσιν
1432 1208 1459 1260 ἐκ

337 1293 379 1355 τῆς
398 1287 544 1358 συμπλοκῆς
563 1292 611 1340 τῶν
630 1285 726 1359 ἄστρων
746 1285 858 1359 ἄγνοιαν,
880 1287 914 1350 ὡς
932 1289 972 1341 καί
991 1288 1072 1340 αὐτῶν
1091 1293 1140 1341 τῶν
1159 1291 1220 1342 θεῶν
1243 1291 1408 1363 ὑποκειμένων
1430 1299 1459 1364 τῇ

337 1372 526 1444 γενεθλιαλογίᾳ
543 1372 584 1424 καί
601 1377 654 1434 ταῖς
672 1374 782 1444 Μοίραις.

401 1475 535 1534 Vidimus
557 1494 593 1533 ex
611 1475 791 1553 Philopono,
818 1476 924 1535 librum
944 1478 1062 1536 tertium
1081 1479 1227 1556 incepisse
1247 1499 1265 1538 a
1285 1480 1404 1539 deorum
1428 1483 1458 1538 in

338 1596 446 1644 terram
460 1586 654 1644 detractorum
667 1587 843 1646 condicione.
866 1588 945 1646 Hinc
955 1589 1051 1648 facilis
1062 1590 1118 1648 suit
1129 1591 1269 1650 transitus
1280 1593 1317 1650 cd
1329 1593 1457 1662 numina,

338 1715 412 1773 quae
427 1698 561 1756 homines
576 1696 645 1756 olim
660 1697 793 1757 fluissent.
819 1699 1012 1775 Praecipuum
1028 1701 1106 1758 enim
1121 1672 1207 1760 huius
1222 1703 1290 1760 libri
1305 1722 1459 1781 argumen-

338 1817 400 1866 tum
414 1809 518 1867 heroea
532 1807 624 1867 fuisse
638 1809 669 1865 in
683 1810 774 1885 praes.
791 1827 854 1885 cap.
868 1811 885 1867 3
902 1810 971 1867 dixi.
1001 1809 1079 1867 Hinc
1099 1811 1188 1888 igitur
1206 1812 1332 1871 sortasse
1353 1815 1459 1890 repeti-

339 1928 400 1977 tum
415 1927 475 1989 est,
491 1919 567 1994 quod
582 1921 721 1978 Aeneas
737 1920 819 1979 Gar.
850 1920 999 1996 Theophr„
1014 1940 1043 1997 p.
1058 1923 1097 1980 38
1113 1921 1210 1980 Boiss.
1227 1922 1326 1980 affert:
1349 1916 1410 1980 Τὸν
1426 1907 1459 1981 δὲ

339 2034 392 2098 τῆς
407 2021 542 2112 Σεμέλης
556 2023 698 2088 Διόνυσον
714 2025 831 2087 καὶτὸν
846 2034 900 2098 τῆς
916 2023 1081 2112 Ἀλκμήνης
1096 2022 1248 2113 Ἠρακλέα
1262 2075 1287 2088 ..
1309 2018 1459 2116 ἐξελέγχει

340 2133 464 2208 θνητοὺς
483 2133 659 2224 γενομένους
680 2140 696 2198 ὁ
716 2133 890 2222 Πορρύριος.
922 2133 1015 2208 Τοὺς
1030 2135 1096 2223 γάρ
1113 2125 1290 2223 δαίμονας
1305 2125 1459 2226 διαγρά-

340 2266 412 2333 ρων
427 2254 476 2326 τῷ
492 2245 591 2334 λόγῳ
606 2243 689 2335 λέγει
703 2269 776 2326 που,
792 2246 861 2319 τοὺς
876 2245 1085 2333 φαυλοτάτους
1100 2235 1242 2334 θαίμονας
1256 2257 1320 2321 τοῖς
1334 2243 1460 2337 ἀγαθοῖς

340 2345 464 2444 ἀνδράσι
479 2355 586 2444 λόχους
601 2358 651 2418 καὶ
666 2344 783 2444 ἐνέδρας
798 2348 929 2431 καθίζειν
944 2357 994 2419 καὶ
1006 2347 1142 2445 ἐξαίφνης
1153 2354 1348 2438 ἐπιτίθεσθαι,
1365 2355 1460 2420 καθά-

340 2489 392 2555 περ
409 2471 428 2537 ἠ
443 2459 525 2554 Ἥρα
539 2464 673 2548 Διονύσῳ
688 2468 739 2529 καὶ
753 2464 903 2555 Ἡρακλεῖ.
931 2474 1018 2531 Modo
1039 2492 1076 2530 ne
1090 2467 1300 2554 ραυλοτάτους
1319 2457 1460 2556 δαίμονας

340 2603 358 2640 a
377 2583 541 2659 Porphyrio
566 2583 730 2659 appellatos
756 2602 822 2642 esse
848 2601 1033 2653 censeamus,
1062 2583 1113 2641 sed
1139 2583 1309 2659 exposuisse
1331 2604 1397 2641 eum
1423 2584 1460 2641 de

341 2695 460 2754 heroum
480 2703 584 2753 natura
603 2703 632 2753 et
651 2714 738 2771 quam
758 2694 788 2752 in
805 2714 854 2753 eos
870 2694 928 2752 vim
943 2694 984 2752 dii
1005 2694 1103 2770 superi
1124 2703 1300 2753 exercerent.
1328 2694 1459 2753 Heroum

340 2815 437 2865 autem
452 2813 557 2864 natura
568 2806 648 2869 indui
660 2807 808 2874 hominum
823 2805 1000 2882 sapientium
1015 2805 1128 2863 animas
1139 2806 1227 2864 Plato
1242 2805 1364 2881 eiusque
1379 2814 1460 2866 secta

341 2925 369 2974 et
383 2916 560 2994 Pythagorei
576 2926 749 2975 censuerunt
763 2924 793 2975 et
806 2918 916 2994 Porph.
932 2918 996 2994 ipse
1011 2916 1166 2992 aliquoties
1182 2916 1263 2975 dixit.
1290 2916 1357 2975 Huc
1371 2917 1461 2995 igitur

340 3027 487 3104 pertinere
498 3027 611 3085 videtur
622 3028 710 3086 etiam
720 3030 886 3104 Lactant.
903 3029 987 3087 inst.
1002 3029 1030 3086 7.
1047 3030 1094 3087 13.
1109 3029 1142 3099 5,
1159 3028 1273 3086 sirecte
1285 3028 1459 3106 colligimus,

341 3139 409 3214 quia
429 3138 604 3197 Lactantius
624 3138 724 3196 deira
745 3141 794 3199 23.
814 3141 850 3198 12
873 3140 1019 3199 oraculum
1039 3158 1075 3196 ex
1094 3140 1175 3198 hisce
1194 3140 1351 3216 Porphyrii
1375 3139 1459 3197 libris

340 3249 486 3319 attulerit,
508 3247 596 3307 etiam
614 3250 673 3307 alia
687 3251 830 3325 quaedam
846 3250 964 3307 oracula
978 3251 1015 3307 ab
1031 3268 1065 3306 eo
1081 3249 1184 3307 iisdem
1200 3267 1236 3305 ex
1257 3248 1341 3305 libris
1357 3247 1461 3307 hausta

341 3380 416 3420 esse.
443 3355 590 3434 „Polites⁵
606 3359 725 3435 quidam
739 3360 884 3420 consuluit
895 3359 1062 3435 Apollinem
1074 3358 1236 3427 Milesium,
1252 3365 1385 3414 utrumne
1400 3376 1461 3415 ma·

340 3480 409 3530 neat
424 3467 523 3530 anima
536 3479 604 3547 post
618 3480 754 3543 mortem,
769 3491 808 3529 an
823 3462 1031 3540 dissolvatur⁶;
1047 3475 1076 3526 et
1091 3466 1241 3544 respondit
1252 3466 1299 3525 his
1312 3466 1459 3527 versibusa

411 3627 420 3659 ¹
440 3626 556 3679 Goniicio
574 3626 669 3695 ριίσεως
687 3645 732 3677 σου
751 3624 828 3696 δέσμ’,
844 3626 885 3676 ἵνα
904 3625 979 3676 θεοῖσι
997 3622 1117 3691 πίθωμαιι
1136 3620 1211 3672 θεοῖσι
1223 3635 1283 3673 cum
1291 3620 1322 3674 Α.
1333 3618 1459 3674 Nauckio.

340 3711 440 3765 Eadem
458 3712 584 3780 synizesis
602 3717 641 3763 est
657 3728 697 3781 ap.
710 3711 785 3777 Hom.
799 3710 827 3763 Π.
844 3712 869 3775 1,
884 3709 924 3763 18.
938 3708 984 3760 Od.
1000 3708 1044 3771 14,
1057 3707 1115 3761 251.
1128 3705 1154 3757 h.
1167 3706 1194 3757 in
1207 3705 1263 3758 Ger.
1275 3703 1316 3757 55.
1330 3704 1388 3758 259.
1402 3704 1460 3757 325.

339 3797 446 3865 Hesiod.
459 3796 546 3865 theog.
559 3796 601 3847 44.
619 3795 737 3866 Theogn.
752 3796 807 3848 142.
823 3795 879 3847 171.
896 3793 1005 3847 Theocr.
1018 3792 1100 3862 epigr.
1115 3791 1154 3845 12.
1169 3791 1193 3845 2.
1226 3790 1337 3843 Vincula
1353 3795 1461 3842 naturae

341 3884 472 3936 terrestris
489 3884 649 3937 solvuntor..

387 3997 395 4006 ·
411 3967 422 4001 ²
441 3968 526 4037 Vulgo
540 3967 626 4037 κραδίῃ
640 3972 666 4019 et
678 3966 807 4027 οὖποθέεις.
844 3965 911 4028 Quid
922 3964 1024 4028 iremiS,
1042 3964 1152 4015 mortale
1163 3969 1267 4033 peetus,
1286 3976 1364 4032 aegre
1375 3962 1462 4016 ferens

341 4054 524 4123 impotentiam
541 4058 632 4106 tuam?
649 4052 718 4105 Nam
736 4056 810 4121 optas
829 4051 908 4118 scire,
927 4050 996 4119 quod
1013 4055 1039 4101 te
1057 4050 1095 4101 sic
1113 4065 1238 4118 quaerere
1255 4048 1329 4101 nefas
1348 4054 1395 4102 ast.
1425 4045 1461 4097 ‘¹0

342 4157 369 4189 σε
386 4156 434 4208 pro
453 4136 494 4188 ίτε
511 4139 578 4192 coni.
596 4139 626 4192 Α,
640 4136 782 4189 Nouclrius.

362 4239 364 4243 ’
411 4224 566 4276 ³Absistite
588 4222 723 4275 desiderio.
760 4220 879 4289 Simplex
903 4237 949 4288 pro
973 4219 1117 4289 composito
1141 4222 1291 4289 genetivum
1313 4214 1338 4270 h.
1354 4218 1371 4269 l.
1394 4215 1463 4284 regit

342 4315 371 4361 ut
388 4310 530 4378 paulopost
548 4308 633 4376 σοφίης
651 4305 795 4376 τετμημένη.
955 4306 967 4337 ⁴
985 4304 1071 4367 Quum
1088 4304 1164 4358 valde
1182 4304 1273 4373 exigui
1290 4302 1354 4353 sitis.

412 4395 423 4427 ⁵
441 4394 544 4446 Nomen
561 4391 630 4445 haud
647 4408 742 4444 rarum.
768 4390 808 4443 Ad
818 4390 928 4460 Papium
945 4390 1010 4442 addo
1023 4390 1096 4443 Suid.
1115 4407 1135 4441 s.
1155 4388 1311 4455 Ἱππόμαχος
1328 4389 1354 4436 et
1364 4379 1461 4435 Priami

342 4480 429 4533 filium
447 4478 517 4548 apud
535 4478 632 4547 Vergil.
645 4477 708 4529 Aen.
722 4476 746 4529 θ.
760 4476 818 4529 526.

412 4564 423 4597 ⁶
442 4563 486 4616 Sic
503 4562 660 4615 Fritzschius
678 4578 711 4614 ex
730 4561 803 4616 codd.
822 4578 868 4631 pro
886 4562 981 4614 resolv.

1229 4654 1261 4710 12
