3592 5400
402 507 462 572 236
814 529 1057 572 nonrrnuuurru
1079 530 1106 571 v.

485 677 613 765 τείρεαῑ,
628 686 701 767 γῆν,
716 675 884 765 ποταμούς,
902 680 978 757 ἅλα,
994 674 1166 765 Τάρταρον,
1181 675 1256 766 ἠέρα
1271 677 1323 742 καὶ
1338 676 1429 768 scrip·²

414 794 462 852 25.
485 787 505 858 ἥ
520 810 557 876 με
572 786 641 852 καὶ3
656 791 711 852 οὐκ
727 786 871 852 ἐθέλοντα
886 777 987 876 δόμων
1003 786 1062 852 αἰπὰ
1076 776 1174 850 τῶνδε
1190 777 1309 862 διώξει4

486 896 597 979 αὐτίκ’,
614 899 752 987 ἐρημαῒος
767 888 802 962 δὲ
816 892 987 984 λελείψεται
1002 886 1089 972 οὐδὸς
1104 897 1229 987 ἀρήτωρ
1236 899 1255 962 ⁵.

401 1006 468 1073 εἶτα
481 1006 650 1098 περιπαθῶς
665 999 832 1098 ἀνοιμώξας
848 1006 1015 1098 ἐπήγαγεν·

486 1123 514 1183 ol
529 1120 578 1209 μοί
594 1118 672 1209 poti,
687 1109 836 1209 τρίποδες,
853 1118 1081 1209 στοναχῆσετεῖ.
1104 1117 1195 1207 οἴχετ’
1210 1117 1376 1201 Ἀπόλλων,

486 1229 586 1321 οἴχετ’,
603 1231 666 1295 ἐπεὶ
682 1228 811 1321 φλογόεν
826 1251 863 1319 γε
879 1219 1015 1313 βιάζεται
1030 1227 1164 1318 οὐράνιον
1180 1229 1266 1317 coligi

947 1425 975 1481 4.

465 1555 516 1616 καὶ
537 1555 567 1616 ὲν
588 1551 679 1641 ἑτέρῳ
699 1562 822 1641 χρησμῷ
843 1553 908 1641 περὶ
928 1551 1003 1615 τοῦ9
1024 1553 1070 1615 ἀεὶ
1091 1551 1175 1629 ὄντος
1195 1549 1263 1616 θεοῦ
1286 1551 1387 1644 λέγων
1402 1555 1455 1620 καὶ
1469 1555 1523 1626 τὴν

403 1667 510 1729 ἑαυτοῦ
527 1666 685 1752 ὁμολογῶν
701 1661 852 1726 ἀπώλειάν
868 1685 954 1751 φησι·

456 1781 505 1842 30.
528 1767 564 1848 ἢν
580 1772 654 1851 Ζεὺς
669 1778 731 1840 ἔστι
745 1795 779 1840 τε
786 1773 811 1812 ¹⁰
826 1783 875 1839 νῦν
891 1772 964 1850 Ζεὺς
979 1778 1126 1838 siccarat.
1151 1768 1174 1838 ὦ
1191 1771 1305 1865 μεγάλε
1321 1772 1392 1857 Ζεῦ,

471 1989 479 2021 ¹
499 1987 543 2041 Sic
554 1987 582 2050 P,
601 1985 675 2056 οὔρεα
692 1988 748 2040 rell.
767 1987 800 2038 At
812 1986 876 2039 illud
887 1987 992 2050 lectius,
1012 2001 1097 2056 neque
1115 1990 1217 2038 montes
1236 1986 1333 2056 opponi
1350 1991 1437 2040 terrae
1453 1992 1533 2058 pots-

401 2077 467 2127 rant.
503 2074 573 2126 Male
595 2077 683 2125 tamen
704 2072 724 2124 P
747 2073 799 2141 φῶς
820 2088 867 2142 pro
889 2074 944 2141 γῆν.
978 2071 1051 2124 Idem
1063 2067 1190 2141 Τάρταρον
1209 2086 1275 2136 om,
1292 2071 1373 2125 etiam
1392 2069 1457 2139 ἅλα,
1480 2072 1535 2126 secl

401 2157 479 2212 huius
496 2158 617 2211 vocabuli
633 2157 875 2226 interpretationem
892 2157 1014 2208 servavit.

471 2243 481 2278 ⁹
500 2247 548 2312 πῦρ
566 2260 591 2293 τε
608 2259 655 2311 pro
673 2241 714 2293 set
732 2246 780 2310 πῦρ
799 2241 837 2294 St.

470 2327 481 2362 ³
498 2327 548 2380 Pro
566 2326 581 2392 ἤ
600 2345 629 2396 με
647 2326 719 2378 aalP
737 2327 803 2395 οἵως,
821 2327 875 2378 sive
892 2326 980 2395 potius
993 2325 1058 2386 οἵως.
1087 2327 1120 2379 At
1138 2343 1219 2396 quum
1236 2326 1273 2381 ibi
1291 2327 1383 2380 statim
1401 2334 1545 2399 sequatur

401 2429 426 2465 v.
438 2411 484 2476 31,
502 2413 576 2464 cuius
593 2412 696 2464 initium
713 2412 742 2464 in
758 2412 779 2463 P
796 2427 866 2463 nunc
883 2409 897 2477 h
921 2407 967 2479 ἐμὴ
985 2415 1038 2474 est,
1061 2412 1124 2464 olim
1140 2411 1156 2478 ἡ
1175 2409 1224 2481 ἀρὴ
1241 2411 1340 2477 iuerat,
1363 2420 1549 2466 commutata-

401 2515 460 2551 esse
477 2497 587 2550 arbitror
603 2513 726 2551 versuum
743 2497 831 2561 initia,
855 2501 1005 2565 corruptum
1022 2502 1111 2549 autem
1128 2513 1185 2549 esse
1202 2495 1218 2562 ἡ
1236 2494 1282 2565 ἐμὴ
1300 2513 1334 2550 ex
1355 2499 1446 2552 verbis
1463 2499 1479 2564 ἧ
1498 2516 1543 2570 με

327 2651 329 2655 Ι
402 2581 455 2648 καί,
479 2588 506 2636 et
529 2581 585 2642 οἵως
609 2600 639 2652 με
662 2599 696 2634 ex
718 2582 804 2635 verbis
823 2581 860 2647 οἴη
880 2599 930 2652 ροι.
970 2581 1069 2633 Versus
1086 2581 1121 2634 30
1142 2582 1203 2650 quia
1225 2581 1332 2633 λείπεται
1352 2585 1478 2652 praebet,
1500 2586 1544 2638 in

401 2684 491 2724 versus
504 2667 536 2723 26
554 2669 641 2721 locum
659 2667 748 2732 cessit,
767 2667 813 2721 ubi
830 2665 966 2739 λελείψεται
982 2667 1125 2737 legebatur.
1152 2667 1282 2733 Accessit,
1301 2668 1374 2740 quod
1386 2671 1537 2742 utriusque

401 2770 490 2809 versus
509 2754 599 2807 eadem
618 2760 658 2806 cst
676 2754 813 2807 sententia.

470 2840 482 2873 ⁴
500 2842 549 2890 τῶν
570 2832 619 2890 ὧδε
638 2837 719 2890 διώκει
730 2838 759 2891 Ρ.

471 2924 481 2955 ⁵
499 2924 610 2976 Versum
628 2922 660 2975 26
679 2941 730 2977 om.
748 2923 799 2976 PB.
818 2923 947 2992 Ἀγήτωρ,
966 2928 995 2975 ut
1012 2939 1089 2993 saepe
1108 2923 1223 2993 epitheta
1235 2925 1304 2995 apud
1322 2931 1430 2995 poetas,
1449 2942 1467 2979 a
1480 2927 1543 2980 deo

403 3007 509 3060 adeius
528 3008 634 3059 domum
651 3008 808 3071 translatum
827 3013 874 3059 est.
939 3057 944 3070 ,

472 3084 483 3117 ⁶
500 3091 543 3144 Sic
562 3091 599 3147 St.
612 3091 648 3144 Ill
668 3091 706 3156 17,
725 3092 793 3144 unde
810 3091 954 3145 hauserunt
971 3094 1113 3146 Momaeus
1132 3110 1188 3163 cap.
1206 3094 1240 3146 32
1257 3111 1283 3164 p.
1295 3094 1347 3147 436
1365 3096 1406 3147 erl.
1425 3112 1450 3151 a.
1463 3096 1548 3149 1591)

403 3182 430 3231 et
447 3176 573 3230 Schedius
596 3178 642 3245 (ill.
667 3177 748 3243 leth.)
771 3194 796 3247 p.
809 3177 873 3242 3653
897 3195 930 3229 ex
954 3177 1064 3231 Schedio
1082 3179 1177 3231 Daleus
1195 3178 1284 3231 hausit
1304 3197 1331 3249 p.
1343 3180 1378 3232 44
1396 3181 1436 3233 ed.
1450 3181 1477 3246 2,
1495 3194 1543 3234 et

402 3263 483 3318 Daleo
505 3263 536 3316 H„
556 3262 660 3316 Grotius
683 3262 714 3314 de
736 3262 788 3314 fide
809 3264 883 3332 relig.
907 3263 1001 3316 Christ.
1022 3268 1049 3315 et
1071 3263 1178 3316 Graecis
1206 3264 1308 3317 omissis
1331 3264 1541 3336 Francogallico

401 3348 569 3402 Fontenellus
587 3347 648 3401 hist.
667 3364 750 3403 oracc.
769 3348 823 3417 p.9
841 3348 881 3400 ed.
899 3348 1041 3401 Amstelod.
1065 3364 1088 3401 a.
1110 3348 1174 3401 1701
1192 3347 1232 3402 ch.
1245 3348 1269 3403 8.
1288 3348 1355 3419 οἶμοι
1373 3349 1397 3401 οἵ
1416 3369 1459 3420 μοι
1475 3351 1534 3415 Lu,

403 3428 563 3503 dmmR

470 3519 481 3553 ⁷
500 3520 670 3589 στοναχήσατε
688 3519 716 3572 Ρ.
734 3519 800 3571 'lum
820 3517 914 3588 οἴχεται
932 3519 951 3569 Ρ
969 3536 1016 3589 pro
1033 3519 1119 3588 priore
1138 3516 1223 3588 οἴχετ’,
1242 3518 1281 3573 St.
1307 3537 1355 3589 pro
1372 3523 1530 3590 posteriore.

471 3603 544 3656 ⁸sic
562 3604 612 3667 St.;
633 3593 748 3673 ρλογόεις
765 3603 823 3667 LB,
848 3603 936 3673 βροτὸς
954 3603 987 3668 Ρ,
1011 3608 1068 3656 turn
1086 3602 1197 3673 οὐράνιος
1215 3603 1288 3669 LBP,
1312 3607 1365 3673 φῶς
1388 3605 1441 3670 ΒΡ,
1465 3608 1533 3659 itam

402 3688 431 3754 L,
447 3686 483 3742 'ut
505 3690 636 3759 suspicor,
660 3689 709 3741 etsi
732 3688 851 3741 Piccolos
872 3688 923 3757 φώς
946 3687 1029 3741 affert
1076 3688 1237 3757 Neutiquam
1260 3689 1293 3741 ad
1317 3689 1370 3759 φώς
1395 3690 1532 3761 epitheton

404 3772 519 3843 ρλογόεις
538 3774 655 3843 quadret.
690 3774 842 3826 Mutabatur
858 3773 935 3826 lectio
954 3774 1050 3836 abiis,
1069 3773 1116 3842 qui
1133 3773 1279 3827 distinctius
1298 3775 1378 3827 etiam
1396 3775 1529 3829 Christum

403 3858 580 3927 significatum
597 3860 701 3912 vellent.
737 3857 821 3921 Quem
838 3875 943 3910 versum
961 3856 1053 3910 huicce
1070 3858 1192 3911 librarius
1209 3858 1344 3911 Parisinus
1362 3862 1491 3915 annectit:

469 3952 518 4009 29.
543 3942 610 4007 ἀλλ’
627 3949 642 4007 ὁ
658 3942 762 4008 παθὼν
778 3942 844 4019 θεός
859 3943 930 4025 ἐστ’,
946 3947 980 4007 οὐ
996 3944 1053 4033 γὰρ
1070 3941 1176 4020 Ostrea
1190 3942 1285 4008 πάθεν
1301 3947 1396 4027 ariri,

404 4061 465 4098 eum
482 4060 517 4095 ex
535 4044 586 4096 alio
605 4044 721 4108 oraculo,
745 4044 777 4096 ad
796 4043 891 4097 Christi
909 4044 1071 4097 calamitates
1087 4045 1247 4113 pertinente,
1269 4044 1372 4099 ridetur
1390 4048 1522 4101 ascivisset

403 4130 434 4182 de
452 4129 572 4199 Apolline
591 4129 661 4180 enim
679 4128 854 4192 Christianus,
878 4129 925 4198 qui
946 4129 1161 4183 vaticinationem
1180 4129 1288 4182 anobis
1306 4135 1447 4185 tractatam
1464 4148 1519 4185 con·

403 4215 528 4278 finxerat,
545 4215 583 4266 ita
600 4213 673 4282 loqui
689 4229 743 4266 non
761 4214 854 4283 potuit.

472 4301 483 4334 ⁹
500 4303 544 4351 τοῦ
564 4304 590 4351 et
607 4297 689 4367 λέγων
708 4314 760 4353 om.
779 4298 810 4351 B.

473 4386 496 4419 ¹⁰
514 4384 541 4436 δὲ
558 4391 585 4437 et
601 4388 693 4454 postea
711 4382 804 4452 μέγαλε
821 4382 867 4449 Β.;
886 4384 909 4434 κ’
927 4381 1023 4436 ἔσσεται
1039 4384 1069 4438 L.
1086 4385 1199 4437 Versum
1219 4400 1270 4437 om.
1287 4384 1316 4438 P.
1333 4385 1469 4455 Repetitus
1485 4386 1520 4436 est

405 4484 440 4521 ex
460 4474 547 4523 vetere
569 4470 673 4523 oraculo
697 4484 740 4539 ap.
761 4468 840 4522 Paus.
865 4469 909 4533 10,
935 4469 980 4534 12,
997 4469 1027 4523 5:
1054 4465 1098 4531 τὰς
1125 4466 1305 4531 Πελειάδες..
1330 4468 1445 4541 λέγουσιν
1467 4463 1518 4538 ᾆσαι

406 4555 527 4622 γυναικῶν
545 4553 644 4625 πρώτας
662 4551 721 4618 τάδε
738 4551 769 4606 τὰ
786 4549 845 4620 ἔπη·
