3592 5400
381 502 444 569 230
792 522 1035 565 sunrrmrsurusr
1057 523 1085 564 v.

331 728 338 743 .
382 698 418 738 ex
438 689 493 754 quo
516 676 677 762 Schedius*
695 679 846 747 hauserat,
868 677 934 735 fons
957 676 1151 753 posteriorum
1172 677 1324 736 hominum
1345 678 1503 750 doctorum,

382 809 476 866 neque
496 790 562 867 ipsa
581 796 754 868 argumenta
775 808 840 847 cum
854 788 1011 866 Porphyrii
1031 788 1157 847 oraculis
1174 797 1346 867 congruunt.
1377 787 1506 848 Oracula

382 902 499 960 tertium
515 909 544 959 et
558 907 693 977 quartum
709 906 787 957 certe
800 901 838 958 ab
852 899 970 989 homine
982 897 1148 958 Christiano
1163 899 1233 958 licta
1248 907 1326 969 sunt,
1342 901 1440 977 prima
1450 903 1505 959 duo

382 1012 527 1071 doctrinas
544 1011 703 1087 Orphicum
724 1017 753 1068 et
769 1009 940 1070 Gnosticam
961 1010 1170 1068 contaminant.
1201 1010 1300 1085 Quum
1315 1011 1394 1074 anim
1408 1012 1504 1083 Plato,

382 1141 466 1199 quem
478 1124 529 1182 Ps.
538 1122 712 1182 Aristoteles
725 1122 761 1181 de
773 1121 878 1179 mundo
892 1139 954 1197 cap.
966 1121 983 1178 6
997 1119 1136 1196 sequitur,
1150 1139 1293 1180 summum
1304 1123 1392 1180 deum
1403 1122 1505 1201 igneae

382 1253 448 1293 esse
470 1241 591 1292 naturae
613 1241 642 1291 et
661 1241 743 1291 extra
762 1233 915 1302 mundum,
939 1224 1031 1308 supra
1049 1232 1199 1290 aetherem
1218 1232 1328 1291 versari
1348 1233 1505 1309 aliquoties

382 1344 590 1423 significasset,
613 1345 788 1421 posteriores
809 1342 974 1420 philosophi
994 1343 1122 1401 divinum
1141 1342 1225 1400 illum
1239 1344 1337 1420 ignem
1352 1345 1430 1402 haud
1444 1346 1506 1403 vul·

382 1475 497 1534 garem,
519 1456 570 1514 sed
591 1455 750 1513 aetherium
771 1455 914 1528 quendam
934 1472 1000 1511 esse
1024 1453 1206 1512 effinxerunt.
1249 1452 1400 1513 Summum
1420 1456 1505 1514 deum

381 1567 469 1625 Plato
493 1585 528 1623 ex
551 1566 651 1624 mundi
676 1573 833 1641 conspectu
858 1571 1021 1634 amaverat,
1047 1564 1124 1622 omni
1150 1565 1320 1624 accessione
1345 1573 1503 1626 exemerat.

317 1702 320 1708 ·
383 1675 516 1750 Quocum
531 1676 648 1734 oracula
662 1677 787 1753 primum
802 1683 832 1733 et
846 1676 970 1734 alterum
992 1675 1131 1732 hactenus
1154 1675 1334 1751 conspirant.
1372 1673 1433 1735 Sed
1455 1677 1506 1735 ille

383 1805 471 1860 quum
486 1787 571 1845 deum
586 1785 763 1845 immobilem
779 1766 946 1862 censuerit,
960 1785 1105 1844 oraculum
1120 1785 1262 1862 primum,
1282 1786 1313 1843 in
1329 1787 1505 1845 contrariam

382 1905 494 1974 partem
510 1897 626 1968 abiens,
646 1904 754 1954 motum
770 1898 822 1954 deo
839 1897 941 1954 tribuit
956 1897 1137 1966 continuum,
1157 1897 1291 1954 flammae
1306 1898 1426 1956 sublimi
1441 1918 1505 1975 per·

382 2016 499 2084 petuam
514 2009 700 2086 vertiginem,
722 2027 780 2084 qua
795 2007 901 2065 circum
921 2026 952 2065 se
967 2007 1033 2084 ipsa
1048 2013 1231 2082 torqueatur3
1252 2013 1406 2084 praeterea
1420 2009 1505 2067 deum

383 2119 584 2177 aeternitatem
605 2137 671 2178 esse
691 2119 783 2176 docet.
821 2119 865 2175 Ita
887 2125 984 2176 autern
1010 2118 1192 2194 philosophis
1215 2116 1354 2194 Orphicis
1380 2120 1506 2194 primum

382 2230 557 2306 principium
579 2248 700 2287 aeonem
720 2230 781 2287 sive
801 2236 916 2304 tempus
937 2247 1003 2286 esse
1022 2228 1147 2305 placuit:
1170 2229 1261 2287 abeo
1282 2230 1446 2300 aetherem,
1469 2232 1505 2288 ab

382 2341 502 2397 aethere
526 2337 621 2397 Chaos
644 2358 709 2397 esse
730 2338 868 2417 genitum.
907 2318 997 2416 (Lon.
1015 2338 1080 2415 Agl.
1097 2358 1125 2415 p.
1140 2339 1201 2397 470
1214 2333 1276 2415 sq.)
1312 2341 1505 2416 Arripuerunt

383 2451 455 2507 hacc
469 2450 578 2525 placita
593 2444 756 2526 complures
770 2449 916 2508 Platonici
933 2442 1018 2525 (Lob.
1034 2449 1104 2508 ibid.
1121 2458 1151 2506 et
1164 2443 1250 2528 484),
1267 2470 1302 2508 ex
1316 2458 1403 2526 parte
1418 2452 1505 2510 etiarn

383 2561 574 2631 Valentinus,
589 2560 639 2636 qui
654 2553 780 2618 ὑπέθετο
793 2563 912 2642 πρῶτον
924 2553 1027 2616 Αἰῶνα
1037 2552 1167 2634 τέλειον,
1185 2552 1217 2616 ὃν
1229 2555 1280 2616 καὶ
1291 2554 1445 2644 προάρχην
1457 2559 1505 2619 καὶ

383 2665 558 2755 προπάτορα
572 2667 623 2729 καὶ
639 2662 727 2749 βυθὸν
743 2669 832 2729 καλεῖ
852 2663 1070 2749 (Theodoretus
1086 2672 1196 2729 haeret.
1212 2670 1290 2732 fabb.
1307 2691 1402 2749 comp.
1419 2673 1470 2733 lib.
1490 2676 1503 2732 l

384 2801 446 2858 cap.
461 2776 501 2861 7)
530 2776 707 2853 Βαλεντῒνος
722 2779 772 2840 καὶ
788 2766 982 2851 tarassiam
997 2777 1047 2838 καὶ
1060 2773 1185 2865 Μάρκος
1200 2777 1253 2838 καὶ
1266 2781 1294 2863 οἱ
1309 2778 1431 2841 ἐκείνων
1443 2768 1505 2841 διά-

385 2876 469 2974 δοχοι
483 2887 681 2974 παμπόλλους
696 2893 807 2963 αἰῶνας
826 2885 1040 2976 πρεσβυτέρους
1054 2896 1109 2950 τοῦ
1124 2886 1314 2976 Δυριουργοῦ
1331 2909 1420 2976 φασιν
1435 2886 1506 2953 εἶναι

386 2996 466 3081 (ibid.
480 3002 510 3077 5,
523 2992 563 3080 6).
589 3000 667 3059 Cum
683 3003 770 3059 hacce
786 3004 921 3078 opinione
936 3022 962 3061 v.
979 3005 1015 3061 13
1033 3003 1172 3073 concinit,
1189 3022 1291 3062 versus
1306 3006 1408 3064 14-16
1420 3007 1506 3083 plane

385 3111 590 3172 Gnosticorum
606 3112 780 3187 sapientiam
795 3113 940 3183 redolent,
956 3114 1034 3189 apud
1049 3131 1121 3189 quos
1137 3114 1311 3190 principium
1323 3115 1451 3191 primum
1462 3124 1506 3175 est

384 3217 483 3305 πατὴρ
495 3216 755 3305 ἁκαπονόραστος,
772 3215 911 3307 ἄρρητος,
925 3216 1027 3301 βυθός,
1040 3224 1121 3282 cuius
1133 3224 1194 3282 sint
1205 3219 1358 3309 πλήρωμα
1370 3218 1504 3311 ἄγγελοι,

385 3351 456 3409 quos
472 3332 559 3391 iidem
576 3333 664 3391 etiam
680 3333 788 3404 αἰῶνας
805 3343 917 3393 vocant.

447 3444 557 3502 Differt
581 3445 703 3502 alterurn
730 3448 886 3504 oraculum.
927 3427 1022 3504 Docet
1042 3446 1119 3508 enim
1138 3445 1204 3523 igne
1224 3446 1339 3517 divino,
1367 3466 1424 3524 quo
1456 3466 1502 3505 ne·
1575 3437 1579 3443 ’

385 3555 493 3613 minem
506 3554 584 3612 laedi
598 3556 679 3631 prius
696 3556 842 3614 oraculum
857 3557 1037 3633 pronuntiat,
1053 3575 1112 3613 non
1127 3557 1221 3614 solum
1235 3556 1316 3635 gigni
1333 3558 1439 3630 omnia,
1455 3557 1505 3617 sed

385 3666 473 3723 etiam
488 3665 607 3735 destrui,
623 3683 698 3741 quae
711 3664 855 3723 Heracliti
871 3660 917 3745 (O.
930 3667 1028 3725 Ritter
1041 3666 1078 3723 de
1092 3666 1199 3743 philos.
1214 3666 1277 3724 Ion.
1293 3687 1323 3742 p.
1339 3661 1423 3748 128),
1438 3671 1504 3727 Em·

385 3775 513 3849 pedoclis
526 3768 657 3853 (Origen.
670 3775 884 3851 philosophum.
900 3780 926 3847 1,
940 3770 983 3855 3),
999 3775 1161 3836 Stoicorum
1177 3769 1250 3855 (cio.
1263 3776 1300 3835 de
1311 3785 1371 3836 nat.
1384 3779 1462 3839 deor.
1476 3781 1502 3849 3,

389 3886 437 3952 14,
454 3883 504 3949 35,
534 3884 612 3942 Plut.
629 3883 665 3940 de
685 3884 759 3960 plac.
775 3884 882 3961 philos.
902 3889 929 3964 1,
947 3888 963 3942 7
980 3907 1009 3963 p.
1027 3888 1103 3970 {5813
1125 3887 1163 3944 id.
1178 3887 1214 3944 de
1229 3905 1374 3948 commun.
1390 3896 1450 3948 not.
1466 3889 1501 3947 36

385 4012 415 4069 p.
434 3992 513 4050 1077
527 3983 578 4069 b),
604 3991 742 4050 Numenii
762 3995 940 4073 Pythagorei
966 3995 1113 4055 sententia
1136 3996 1201 4053 fuit.
1240 3996 1405 4057 Numenius
1430 3998 1502 4075 apud

385 4103 495 4163 Euseb.
517 4121 561 4178 pr.
578 4119 620 4159 ev.
640 4102 694 4172 15,
719 4104 755 4162 18
771 4104 828 4161 ait:
856 4090 1088 4188 ἐξαιθεριοῢσθαι
1108 4099 1332 4181 narratura
1353 4092 1501 4191 περιόδους

385 4205 468 4281 τινας
486 4204 540 4280 τοὶς
563 4204 706 4294 μεγίστας
728 4210 768 4280 εἰς
789 4199 1055 4297 πῦράἱθεριῶδ
1061 4232 1095 4284 ες
1116 4209 1330 4298 ἀναλυομένων
1351 4212 1499 4275 πάντων..

387 4313 452 4387 Τὴν
466 4316 539 4386 ὅλην
555 4315 656 4379 οὐσίαν
672 4320 712 4390 εἰς
726 4325 782 4404 πῦρ
798 4315 1000 4404 μεταβάλλειν
1016 4314 1078 4382 οἷον
1093 4325 1133 4395 εἰς
1147 4303 1279 4409 σπέρμα,
1300 4322 1352 4384 καὶ
1366 4320 1455 4386 πάλιν
1468 4321 1499 4383 ἐκ

456 4466 468 4489 ⁸*
485 4466 557 4519 Elias
569 4465 673 4519 Schedii
685 4466 716 4521 de
734 4466 783 4519 diis
802 4464 940 4519 Germanis
958 4483 1024 4537 opus
1041 4469 1212 4539 posthumum
1229 4469 1269 4524 ed.
1280 4457 1365 4541 piton
1383 4471 1498 4527 aarum.

390 4548 454 4602 1647
460 4570 467 4615 ;
484 4550 578 4605 iterum
596 4552 635 4607 ed.
652 4553 689 4607 ill.
707 4551 820 4618 larkius,
837 4551 895 4609 Hal,
916 4551 989 4607 1728.
1007 4552 1032 4606 8.
1269 4555 1272 4563 ’
