3592 5400
287 679 301 718 d

339 492 400 556 172
817 513 910 555 umus
929 514 963 556 11.

464 661 564 724 ταῖσι1
580 661 637 751 γάρ
653 650 809 749 οὐρανίδαο
824 661 894 736 Διὸς
909 660 1088 726 κατένευσε2
1102 661 1239 751 κάρηνον,

464 772 531 835 ὅττι
545 795 581 835 κε
597 762 615 834 d
623 773 641 843 tl
657 771 808 851 νάσωσιν3,
825 770 921 860 μένειν
936 771 1118 852 ἀσάλευτον,
1135 772 1306 862 ἀτράκτοις.

464 880 554 946 αἶσα4
569 882 626 972 γάρ
641 876 677 953 ἦν
694 873 838 972 δολιχοῖσι
853 883 966 971 χρόνοις
980 883 1164 972 περικαλλέα
1179 885 1274 956 σηκὸν

370 1003 440 1061 285.
463 1003 581 1083 πυρσῶν
596 993 735 1082 αἰιύρησι5
752 983 930 1059 διιπετέεσσι
946 983 1085 1084 δαμῆναι.
1124 1031 1128 1034 <
1165 1026 1168 1033 ’

305 1110 316 1131 '
400 1111 581 1189 Porphyrius
597 1131 632 1170 ea
646 1110 822 1170 annexuisse
837 1111 964 1182 videtur,
982 1131 1056 1187 quae
1070 1114 1107 1170 de
1122 1115 1304 1173 oraculomm
1319 1116 1451 1192 plurimo-

338 1245 401 1282 rum
416 1223 530 1281 defectu
545 1221 639 1280 affert.
664 1223 762 1297 Quum
778 1224 856 1280 enim
870 1222 930 1281 fato
946 1224 1017 1281 deos
1033 1224 1188 1282 obstrictos
1205 1227 1299 1283 teneri
1312 1227 1452 1285 docuisset

338 1343 366 1392 et
381 1335 461 1394 illius
477 1341 549 1391 nutu
563 1334 608 1392 vel
624 1334 735 1410 templa
750 1333 848 1391 divina
862 1333 972 1409 perire,
994 1335 1095 1391 eodem
1109 1334 1183 1406 fato,
1206 1337 1325 1415 opinor,
1340 1336 1451 1394 fatidica

303 1463 309 1473 ⁸
337 1464 451 1521 quoque
466 1445 578 1520 templa
592 1445 715 1520 periisse
732 1445 873 1520 exposuit.
906 1445 1052 1503 Eusebius
1068 1452 1135 1521 post
1147 1447 1298 1504 oraculum
1312 1447 1448 1516 Hecatae,

338 1575 394 1632 quo
408 1556 564 1613 simulacra
579 1553 635 1614 diis
652 1562 788 1631 exoptata
803 1538 869 1614 esse
884 1556 1010 1626 dixerat,
1026 1556 1122 1633 pergit

490 1685 534 1742 pr.
551 1685 594 1724 ev.
612 1667 640 1724 5.
660 1666 696 1724 15
713 1673 785 1724 extr.
800 1686 830 1742 p.
846 1668 905 1725 120
918 1674 989 1725 extr.
1006 1664 1108 1743 Stepb.
1124 1687 1154 1743 p.
1168 1668 1230 1727 204
1242 1687 1259 1725 c
1272 1669 1340 1746 vig.

406 1765 485 1820 Ἀλλά
503 1768 549 1838 γάρ
568 1767 619 1835 ἑξῆς
638 1769 749 1828 τούτοις6
769 1765 854 1838 άκουε7
878 1762 919 1820 οἶα
937 1769 1010 1829 αύτος
1029 1766 1060 1820 ὁ7
1079 1770 1233 1840 συγγραφεύς
1251 1771 1307 1841 περὶ
1329 1776 1373 1823 τοῦ
1391 1770 1447 1822 έκλε·

339 1863 447 1916 λοιπέναι
460 1862 540 1914 αὐτῶν
553 1862 583 1914 τά
596 1862 709 1933 βοώμενα
721 1864 859 1932 χρηστιίρια
872 1861 895 1913 έν
908 1866 959 1924 τοῖς
972 1862 1055 1923 αὐτοῖς
1067 1863 1146 1930 τίθησι
1158 1868 1245 1915 τοῦτον
1258 1863 1300 1916 τον
1314 1867 1416 1936 τρόπον·

465 1956 556 2050 'Appi
572 1948 604 2024 δὲ
618 1956 713 2024 Πυθὼ
729 1959 789 2023 καὶ
804 1942 965 2049 Κλαρίηνθ,
981 1957 1180 2051 μαντεύματα
1195 1958 1321 2044 Φοίβου,

339 2241 418 2310 Οὗτος
437 2248 552 2319 (Apollo)
571 2246 747 2318 ἐμπιπραμένῳ
770 2247 812 2318 μὲν
832 2248 876 2299 οὐκ
895 2247 1001 2318 ἐπήμυνε
1023 2252 1060 2317 τῷ
1078 2246 1160 2315 οἰκείῳ
1178 2252 1239 2318 νεῷ,
1262 2246 1308 2317 ἔφη
1328 2249 1354 2302 δὲ
1371 2255 1444 2301 τοῦτον

339 2334 405 2404 παρὰ
423 2336 472 2386 τῶν
490 2335 590 2404 Μοιρῶν
609 2332 732 2403 εἰληχέναι
749 2332 790 2384 τὸν
809 2333 912 2404 κλῆρον·
936 2333 976 2384 κοιλ
995 2334 1119 2403 μονῳδίαν
1137 2328 1194 2403 ᾖσε,
1216 2334 1247 2384 rb
1267 2334 1344 2396 πάθος
1367 2332 1444 2403 ὀλορυ

340 2421 452 2490 ρόμενος·
477 2418 528 2489 ἐγὼ
551 2418 578 2471 δέ
601 2419 689 2484 ταύτης
707 2417 736 2470 rb
754 2418 825 2479 τέλος
843 2417 904 2489 ἐρῶ·
929 2418 1077 2470 τέτλαθι-
1095 2420 1207 2488 δαμῆναι.
1244 2419 1296 2473 Ubi
1317 2438 1364 2490 pro
1386 2421 1443 2488 θυμῷ

255 2496 264 2501 ”
338 2507 404 2560 alter
421 2505 509 2559 Ursini
526 2505 610 2559 codex
628 2504 696 2575 θυμέ.

406 2593 416 2625 1
434 2593 512 2643 roton
524 2591 655 2661 Apostol,
671 2591 719 2660 γάρ
737 2591 842 2643 omisso.
860 2621 893 2630 -
911 2591 941 2642 ln
953 2590 1114 2643 Theodoreto
1126 2590 1200 2659 Sylb.
1217 2590 1300 2659 παισί,
1317 2593 1373 2644 rell.
1384 2593 1443 2642 ταῖσι.

338 2677 465 2732 Eusebius
483 2679 623 2749 paulopost
639 2678 733 2748 repetit
744 2677 861 2747 Mopsion
874 2708 907 2718 --
920 2673 1060 2747 ἀτράκτοις,
1078 2677 1125 2730 ubi
1137 2675 1208 2731 BCG
1226 2675 1304 2747 δίνεα,
1324 2677 1369 2732 OG
1385 2679 1443 2741 rotor,

339 2763 503 2834 [ἀτράκτων.
1075 2790 1077 2792 ·

408 2850 418 2883 ²
437 2850 569 2901 κατεύνασε
587 2850 640 2905 OG.
677 2847 787 2919 Κάρηνον
805 2850 874 2919 sing.
891 2859 916 2903 v.
929 2848 979 2901 212
997 2853 1023 2900 et
1036 2849 1112 2903 Hom.
1125 2847 1215 2916 hymn.
1228 2848 1257 2912 7,
1273 2848 1314 2904 12.
1327 2848 1371 2913 28,
1383 2848 1405 2903 8.

408 2934 418 2967 ³
437 2935 480 2987 Sic
499 2935 618 3003 Scaliger
635 2952 675 3005 ap.
690 2935 771 2989 Gaisf.
785 2935 851 2989 coni.
863 2947 910 3004 pro
929 2935 1057 2999 δινήτωσιε
1077 2934 1147 3003 qnod
1163 2934 1223 2986 fuso
1241 2934 1382 2987 novissent.

408 3020 419 3053 ⁴
438 3018 503 3070 αίσια
520 3020 609 3088 χρόνος
627 3021 718 3089 Apost.
737 3051 770 3059 —
789 3018 820 3080 εἰς
838 3017 854 3070 ἃ
871 3021 899 3072 in
917 3019 1079 3072 Theodoreto
1096 3019 1194 3073 Flora
1212 3019 1240 3071 iu
1257 3021 1362 3089 mmgs

408 3103 530 3175 5ττυρσὶιν
552 3105 588 3169 Β,
617 3102 714 3173 αἰώρεσι
735 3105 794 3169 ΒΙ),
823 3102 927 3175 αίώρασι
949 3104 981 3169 G,
1010 3102 1113 3175 αἰωρῇσι
1134 3103 1302 3169 Theodoret.,
1329 3103 1447 3175 αἰωρήσεσι

339 3190 470 3260 Apostol,
493 3187 604 3258 αἰώραισι
620 3191 676 3244 rell.
716 3190 772 3259 Ego
790 3190 906 3267 fontibus
925 3190 1037 3242 formam
1054 3190 1171 3243 Ionicam
1194 3190 1342 3258 significari
1362 3187 1447 3243 censui

340 3276 420 3339 Quasi
437 3276 499 3328 belli
515 3274 647 3340 maehina,
666 3292 733 3344 quae
751 3292 792 3328 res
810 3277 838 3327 in
856 3277 938 3329 altum
955 3276 1050 3328 tollens
1067 3280 1204 3344 pervertat.
1224 3276 1295 3341 διητ..
1311 3276 1331 3329 0
1349 3281 1376 3329 et
1390 3276 1448 3345 Apo·

339 3364 397 3416 stol.
415 3393 448 3401 —
467 3361 607 3413 διιτετέεσσ’
620 3358 736 3429 ἀναβῆναι
754 3361 880 3429 Sylburgi
897 3361 954 3414 cod.
971 3360 999 3414 P.
1019 3377 1060 3430 ap.
1078 3359 1278 3413 Theodoretum.
1362 3413 1364 3417 .

407 3448 418 3481 ⁶
435 3448 498 3499 Post
514 3446 591 3511 haee;
609 3446 674 3499 nibil
692 3447 804 3516 amplius
824 3444 876 3512 ἑξῆς
895 3445 1028 3514 significat
1038 3447 1107 3515 apud
1121 3447 1290 3516 posteriores:
1308 3464 1363 3501 non
1375 3443 1450 3516 sequi·

339 3538 381 3585 tur
397 3537 427 3585 nt
445 3534 579 3585 oraculum
597 3532 628 3584 de
645 3527 750 3602 templis
767 3532 879 3584 fatidicis
897 3532 955 3601 ipsa
972 3532 1018 3583 illa
1036 3531 1067 3584 de
1081 3532 1225 3584 simulacris
1239 3532 1310 3609 edita
1322 3531 1450 3602 exceperit

234 3674 246 3691 f
339 3648 372 3657 -
389 3618 484 3678 τούτοις
502 3635 553 3669 onr.
571 3616 669 3670 BGFG.

407 3704 417 3737 ⁷
437 3704 480 3755 Sic
497 3704 551 3756 ΑΗ.
588 3703 673 3771 Vulgo
693 3700 706 3752 ὁ
725 3701 798 3762 αὐτος
816 3703 970 3771 συγγραφεύς
989 3721 1060 3771 φησι,
1078 3703 1124 3755 ubi
1137 3700 1195 3770 φησὶ
1207 3718 1296 3771 συγγρ.
1309 3702 1383 3755 Bou.
1409 3698 1452 3754 Sed

339 3788 398 3852 ΑΗ,
417 3788 513 3840 omisso
533 3786 603 3855 φησί,
622 3787 692 3855 quod
709 3788 782 3839 deest
800 3788 879 3839 etiam
893 3788 923 3847 in
942 3787 977 3852 G,
995 3793 1055 3857 post
1071 3788 1223 3857 χρηστήρια,
1246 3788 1294 3839 ubi
1311 3789 1367 3841 rell.
1386 3784 1451 3840 codd.

339 3873 525 3940 praelationem
538 3872 635 3924 oraculi
647 3872 801 3936 terminant,
814 3872 919 3924 >addunt
929 3872 956 3924 id
974 3873 1043 3940 quod
1061 3873 1137 3925 edidi.
1171 3871 1270 3923 Eadem
1282 3878 1387 3941 praeter
1403 3874 1453 3923 τοί

340 3973 382 4007 τον
399 3957 472 4009 addit
483 3956 512 4009 Ε.
548 3956 661 4008 Sensus:
678 3955 819 4027 posthaec
837 3958 937 4026 accipe,
957 3974 1023 4025 quae
1040 3957 1096 4027 ipse
1114 3957 1223 4025 scriptor
1242 3955 1286 4024 (de
1304 3960 1357 4026 quo
1375 3972 1452 4010 sermo

340 4046 393 4105 est,
410 4042 428 4095 i.
442 4058 464 4093 e.
481 4039 652 4109 Porphyrius)
669 4042 697 4094 in
715 4042 807 4095 eadem
824 4042 1044 4095 commentatione
1062 4041 1131 4094 bunc
1148 4042 1176 4093 in
1192 4042 1303 4094 modum
1319 4047 1407 4111 ponat„

408 4127 418 4160 ⁸
437 4125 507 4176 πυθώ
525 4124 547 4175 ol
565 4124 665 4194 κλαρίην
684 4144 709 4176 τε
721 4128 779 4190 ΑΗ,
797 4126 867 4177 risso
886 4126 988 4196 κλαρίην
1006 4145 1032 4177 τε
1050 4124 1090 4178 ὅτε
1101 4127 1135 4190 Il,
1153 4126 1222 4178 idem
1241 4128 1340 4180 omisso
1359 4125 1454 4197 μαντεύ-

340 4230 407 4282 ματα
424 4210 545 4280 Bolon).
581 4210 655 4273 Quod
677 4211 756 4276 edidi,
779 4212 890 4280 Vigerus
912 4213 1057 4265 ceniecerat
1077 4212 1106 4264 in
1128 4212 1351 4265 annotationibus.
1385 4209 1454 4262 [loto

338 4297 442 4366 proprie
464 4302 546 4347 terreo
570 4301 681 4360 tractus,
706 4296 752 4348 ubi
775 4311 842 4349 orae.
873 4297 1000 4365 Apollinis
1023 4295 1179 4366 Delphicum
1201 4297 1282 4349 situm
1301 4303 1365 4352 erat.
1384 4297 1453 4349 Hom

338 4382 367 4433 Il.
381 4382 404 4433 9.
417 4381 480 4445 405,
504 4380 593 4449 hymn.
612 4382 639 4433 in
657 4381 741 4450 Apoll.
760 4379 818 4433 372.
853 4380 893 4431 Ita
914 4398 968 4434 non
985 4379 1081 4453 Κλάρος
1099 4381 1149 4434 boc
1170 4382 1228 4434 loco
1247 4386 1274 4433 et
1294 4383 1375 4451 paulo
1391 4380 1454 4433 intra

340 4465 444 4529 dicitnr,
467 4466 513 4518 sed
535 4465 642 4534 Κλαρίη,
666 4466 683 4517 i.
697 4482 718 4517 e.
737 4463 817 4533 χώρα.
852 4465 1010 4535 Hesychius:
1035 4466 1151 4537 Κλαρία
1170 4504 1196 4517 ..
1215 4466 1319 4536 χωρίον.
1353 4467 1454 4519 Frustra

340 4549 460 4605 Strurius
479 4567 567 4620 opusc.
580 4551 625 4603 sel.
638 4550 657 4603 1.
669 4566 695 4620 p.
710 4548 757 4601 122
769 4548 876 4619 Κλαρίου
890 4569 923 4619 μ.α
931 4550 1026 4621 Φοίβου
1044 4557 1072 4605 et
1086 4556 1180 4621 postea
1191 4550 1233 4603 καὶ
1244 4553 1322 4623 κρήνη
1333 4550 1434 4620 Κλαρίη.
