3592 5400
671 995 1071 1069 unumunurm
1095 997 1137 1068 11

809 1126 842 1178 aa
859 1143 884 1196 p.
901 1126 948 1178 130
960 1143 998 1196 sq.

342 1305 401 1365 DE
415 1305 574 1375 RUTAE,
590 1303 729 1375 TURIS,
744 1304 886 1374 LAURI,
902 1302 1185 1365 LACERTARUM
1199 1304 1282 1367 USU
1293 1305 1460 1368 MAGIOO.

407 1648 485 1706 Mira
507 1655 575 1707 sunt
597 1667 631 1704 ea
652 1648 839 1723 praesertim,
862 1666 937 1723 quae
957 1667 1015 1705 non
1034 1648 1241 1726 intellegimus.
1272 1649 1351 1724 Quid
1367 1653 1460 1710 excla-

343 1779 425 1817 mare
439 1760 533 1828 iuvat,
550 1759 624 1815 mira
642 1777 708 1816 esse
727 1778 776 1828 oa,
798 1777 872 1833 quae
892 1759 929 1815 ad
950 1760 1177 1816 consecrandum
1192 1759 1322 1817 Hecatae
1342 1762 1460 1820 simula-

344 1889 425 1928 crum
441 1869 667 1928 adhiberentur?
696 1870 789 1927 Immo
809 1888 896 1943 quum
919 1877 980 1927 tota
1002 1871 1037 1926 de
1053 1869 1230 1928 Graecomm
1254 1872 1460 1947 superstitione

344 1981 492 2056 quaestio,
515 1980 540 2038 si
556 1979 593 2038 Ο.
609 1981 742 2037 labnium
758 1980 921 2055 exceperis,
945 1979 1005 2036 fere
1020 1980 1154 2056 neglecta
1169 1980 1276 2051 iaceat,
1297 1983 1402 2039 nedum
1423 1984 1460 2040 ad

343 2109 448 2177 causas
463 2109 498 2148 ac
512 2089 656 2167 principia
669 2091 796 2148 revocari
811 2090 919 2160 soleat,
935 2108 988 2149 nos
1004 2089 1134 2148 conferre
1144 2091 1254 2166 aliquid
1266 2091 1304 2149 ad
1315 2093 1459 2166 quaestio-

342 2221 408 2260 nem
423 2202 506 2259 illam
520 2202 576 2258 hoc
589 2202 652 2260 loco
668 2201 808 2277 cupimus.

404 2312 449 2371 Ut
469 2313 654 2370 simulacrum
676 2310 805 2369 Hecatae
825 2313 976 2370 divinitate
995 2312 1151 2389 impleatur
1172 2321 1201 2371 et
1219 2321 1252 2371 ut
1272 2314 1326 2371 dea
1345 2293 1459 2374 uocanti

341 2422 421 2481 adsit
441 2440 476 2480 ac
491 2423 604 2481 somnia
623 2443 692 2480 vera
711 2424 976 2499 divinationemquc
991 2425 1102 2493 mittat,
1122 2431 1189 2481 ruta
1203 2425 1362 2495 silvestris,
1383 2432 1457 2494 tura,

342 2533 494 2592 stelliones
506 2534 689 2592 adhibentur.
712 2535 829 2591 Rutae
843 2533 890 2590 vel
902 2540 1066 2591 nostrorum
1079 2542 1242 2610 temporum
1253 2535 1458 2611 superstitione

340 2645 417 2704 vires
432 2662 557 2703 arcanae
572 2646 745 2704 tribuuntur.
768 2645 898 2721 Exiguos
913 2643 1049 2702 foliorum
1065 2645 1180 2703 aculeos
1196 2645 1226 2703 iu
1238 2645 1359 2722 Europa
1373 2645 1458 2703 meri-

340 2756 450 2814 dionali
463 2758 603 2815 removeri
615 2757 763 2813 bominum
775 2762 854 2812 tactu
865 2755 1005 2814 mimosae
1017 2756 1175 2815 sensitivae
1186 2757 1217 2813 in
1230 2756 1359 2826 modum,
1375 2757 1458 2813 fami·

339 2868 423 2926 liaris
439 2868 541 2925 barum
561 2888 657 2925 rerum
677 2867 788 2942 peritus
803 2884 916 2924 mecum
932 2867 1167 2925 communicavit:
1188 2886 1263 2942 quae
1283 2865 1308 2925 si
1323 2867 1365 2924 ita
1380 2875 1457 2937 sunt,

338 2980 544 3055 animagquae
558 2979 656 3036 inesse
671 2977 825 3048 videretur,
841 2978 1011 3055 religionem
1027 2986 1154 3037 veterum
1171 2978 1236 3036 sine
1250 2978 1337 3037 dubio
1353 2979 1458 3037 excita-

340 3090 389 3147 vit.
406 3088 634 3149 Salubenimam
646 3106 712 3147 esse
723 3090 842 3147 herbam
853 3097 966 3148 veteres
978 3090 1173 3164 consentiunt,
1185 3107 1306 3163 eamque
1317 3090 1363 3147 vel
1374 3089 1459 3146 hodic

342 3198 442 3260 Silesii
462 3199 611 3273 Russique
631 3207 731 3257 contra
749 3218 852 3256 canum
868 3176 1051 3257 rabiosorum
1071 3218 1185 3258 morsus
1204 3199 1319 3273 aliaque
1338 3200 1458 3256 vulnera

341 3312 491 3369 adhibent.
520 3311 564 3367 lta
577 3310 657 3366 Plin.
671 3328 699 3367 n.
712 3309 741 3367 b.
755 3310 804 3367 20.
821 3312 867 3366 13.
883 3309 938 3366 51:
964 3309 1016 3382 „lu
1037 3308 1202 3385 praecipuis
1221 3315 1318 3365 autem
1333 3309 1457 3366 medica-

341 3422 468 3479 minibus
483 3427 549 3477 ruta
564 3427 610 3477 est
626 3462 654 3476 ..
676 3418 828 3477 Silvestris
848 3417 965 3476 horrida
984 3418 1021 3475 ad
1041 3418 1176 3477 affectum
1197 3424 1290 3475 estet
1309 3418 1458 3476 adomnia

338 3532 442 3589 acrior.
466 3523 528 3607 (Ita
541 3529 730 3588 Dioscorides
753 3532 781 3587 3.
799 3520 854 3605 52)
877 3571 905 3588 ..
926 3528 1037 3584 Veneni
1061 3527 1175 3585 noxiam
1196 3528 1357 3586 obtinet..
1381 3529 1458 3585 inter

337 3642 433 3717 prima
453 3640 592 3699 miscetur
610 3640 749 3697 antidotis
772 3685 799 3698 ..
822 3639 1020 3713 Quaecunque
1040 3644 1138 3696 autem
1158 3646 1224 3695 ruta
1243 3645 1272 3694 et
1290 3657 1389 3713 perse
1404 3658 1456 3713 pro

337 3751 468 3808 antidoto
483 3751 561 3808 valet
577 3794 604 3809 ..
627 3748 724 3810 Simili
738 3750 823 3808 modo
839 3757 940 3807 contra
960 3748 1139 3825 serpentium
1158 3748 1233 3806 ictus
1250 3793 1278 3807 ..
1300 3748 1407 3805 Valent
1428 3756 1457 3804 et

337 3869 440 3919 contra
455 3861 639 3936 scorpionum
656 3904 680 3919 ..
697 3862 813 3919 aculeos
826 3868 855 3918 et
871 3901 877 3917 .
892 3902 898 3917 .
916 3858 1116 3917 salamandras
1133 3858 1249 3916 canisve
1261 3859 1369 3917 rabiosi
1381 3878 1456 3917 mor-

337 3969 418 4031 sus.“
443 3971 632 4030 Dioscorides
654 3972 689 4028 de
712 3972 835 4029 materia
854 3970 967 4028 medica
983 3972 1016 4039 3,
1034 3969 1072 4027 52
1091 3963 1142 4047 (45
1158 3962 1303 4047 Kuehn.):
1326 3964 1376 4026 καὶ
1395 3973 1456 4025 τῶν

337 4074 510 4164 pleps-lov
522 4079 600 4138 ἐστιν
612 4065 767 4149 &triberos
782 4125 788 4137 .
801 4124 807 4136 .
824 4074 924 4162 φύλλα
936 4123 941 4136 .
954 4121 960 4135 .
977 4070 1117 4161 ἄπρακτα
1130 4071 1231 4156 (ποιεῖ)
1244 4073 1285 4136 τὰ
1298 4071 1455 4160 θανάσιμα,

336 4188 387 4248 καὶ
407 4186 479 4273 πρὸς
500 4175 768 4273 {praeceptales
794 4189 937 4250 Similiter
958 4189 1089 4265 Geopou.
1114 4190 1162 4252 12.
1185 4189 1223 4246 25
1245 4196 1274 4244 ct
1293 4188 1455 4262 Antigonus

336 4300 453 4376 Caryst.
466 4301 535 4360 bist.
548 4302 650 4359 mirab.
665 4304 701 4358 41
722 4297 773 4377 (35
789 4296 963 4374 Westerm.).
984 4335 1019 4342 -
1037 4299 1150 4357 Pallad.
1172 4301 1197 4355 1.
1215 4299 1263 4354 24.
1281 4299 1316 4353 3:
1341 4296 1456 4368 „Rutac

336 4413 465 4469 ramulos
481 4411 612 4487 pluribus
628 4411 700 4467 locis
716 4418 830 4486 oportet
849 4418 951 4467 contra
964 4409 1103 4467 animalia
1116 4407 1234 4464 inimica
1248 4401 1452 4481 suspendere.“

335 4522 417 4580 Ruta
431 4522 484 4579 bas
500 4522 610 4580 bestias
627 4520 718 4577 arceri
733 4540 751 4577 a
771 4520 889 4596 gallinis
905 4519 1038 4577 Dioscor,
1055 4520 1074 4575 l.
1092 4536 1193 4575 comm.
1211 4524 1240 4573 et
1255 4514 1387 4590 Geopou.
1405 4512 1454 4581 14,

1204 4628 1252 4679 13‘
