3592 5400
342 521 402 585 176
828 538 920 581 menn
931 539 976 581 111.

340 691 390 753 καὶ
406 689 452 753 ὅτι
467 698 567 753 ταῦτα
578 685 678 760 ἀληθῆ
689 691 768 750 ἐστιν
780 688 854 775 άπερ
866 692 994 775 ἔφαμεν,
1011 675 1140 756 δηλώσει
1151 683 1193 748 τά
1204 684 1305 773 λόγια.
1320 690 1378 774 ἔφη
1391 694 1465 776 γοῦν

339 825 384 875 τις
399 797 518 874 κληθεὶς
532 808 592 862 τῶν
609 796 696 861 θεῶν·
772 864 774 868 ,

467 895 593 998 σάμερον
609 913 663 973 οὐκ
679 907 813 972 ἐπέοικε1
828 906 927 997 λέγειν
942 913 1059 995 ἄστρων
1076 896 1145 970 ὁθθν
1161 906 1231 995 ἱρήν,

467 1010 576 1108 ἕδρανα
592 1017 793 1107 μαντοσύνης2
808 1017 865 1109 γάρ
882 1019 912 1082 ὲν
927 1017 1068 1106 οἰστράσι3
1084 1028 1133 1080 νῦν
1147 1005 1330 1087 πεπέθηται.

402 1137 503 1215 Pergit
513 1136 694 1213 Philoponus
706 1135 742 1192 de
754 1134 852 1192 mundi
865 1143 953 1192 creat.
966 1134 1018 1192 lib.
1032 1137 1051 1193 4
1066 1154 1128 1210 cap.
1142 1135 1181 1192 20
1192 1141 1262 1210 post
1272 1117 1461 1198 πεπέδηταιι

402 1236 446 1304 Ἥ
467 1264 503 1304 τε
525 1237 640 1311 Ἑκάτη
661 1236 805 1311 κληθεῖσα
826 1241 856 1303 ἐν
875 1237 1001 1323 τοιαύτη
1024 1237 1211 1303 καταστάσει
1232 1247 1289 1301 τοῦ
1313 1236 1463 1327 περιέχον-

339 1352 391 1426 τός
406 1373 488 1439 φησι·

469 1460 518 1526 Οὐ
533 1460 649 1540 λαλέω,
664 1463 774 1525 κλείσω
791 1450 824 1524 di
838 1459 935 1535 πάλας
950 1449 1082 1549 θολιχοῖο
1098 1459 1276 1549 ράρυγγοςέ.

469 1572 574 1646 νυκτθς
589 1571 645 1661 γάρ
661 1569 850 1660 κε’ντροισιν5
866 1569 1071 1659 άχρειοτάτοις
1085 1567 1281 1658 προσελαύνει

375 1690 445 1748 305.
468 1680 605 1757 6Τιτηνὶς
619 1682 763 1771 κερόεσσα
779 1679 832 1754 θεὴ
847 1689 866 1762 †
881 1691 992 1756 κακοῢς
1007 1679 1051 1768 ἄρ’
1064 1669 1175 1744 ἰδοῦσα

342 1794 393 1857 καὶ
406 1794 510 1872 πάλιν,
526 1797 596 1868 φησί,
611 1802 698 1856 τινῶν
715 1792 872 1872 εἰπόντων,
893 1798 918 1856 εἰ
933 1793 983 1856 καὶ
998 1793 1084 1854 αὐτοὶ
1098 1796 1126 1854 οἰ
1141 1787 1203 1854 θεοὶ
1217 1790 1275 1854 ὑπὸ
1290 1790 1348 1863 τὴν
1363 1796 1457 1881 εἱμαρ-

342 1903 431 1992 μένην
446 1905 528 1984 εἰσίν,
545 1904 591 1967 ὅτι
607 1902 811 1990 φυλάττονται
825 1902 952 1981 ταῦταί,
969 1902 1117 1993 ἐπήγαγε·

409 2015 417 2045 ¹
437 2011 526 2064 έπέεικε
543 2013 574 2064 D.

408 2099 419 2132 2
438 2098 518 2152 Godd.
539 2095 596 2149 ὁδον
615 2095 682 2168 ε’ίρειν
702 2097 805 2167 θ’έδραν
823 2097 881 2167 (OG
899 2097 921 2149 δ’
934 2093 1030 2167 ἔδρανρ·
1049 2093 1225 2167 άμαντοσιίνης.
1243 2095 1382 2166 Philopon.
1399 2093 1454 2166 ipd.

341 2184 412 2256 ἕδραν
432 2202 502 2253 μαντ.
539 2183 613 2246 Quod
631 2183 711 2247 edidi,
730 2183 880 2235 coniectura
897 2188 1033 2235 assecutus
1052 2188 1091 2235 est
1107 2181 1261 2236 Valckenar.
1280 2181 1356 2235 diatr.
1374 2182 1454 2250 Eurip.

340 2287 365 2340 p.
378 2269 463 2321 2871).
617 2268 627 2300 ³
647 2264 755 2337 ἄστροισι
773 2269 804 2320 l).

408 2355 419 2386 ⁴
437 2355 466 2405 In
486 2353 629 2423 exemplari
646 2352 766 2405 editionis
784 2353 903 2418 Corderi,
926 2353 997 2423 quod
1014 2353 1077 2406 olim
1094 2352 1243 2422 Spaldingii
1258 2352 1324 2418 fuit,
1348 2352 1454 2406 nuncin

341 2440 404 2494 bibl.
417 2456 472 2508 reg.
484 2438 597 2492 Berolin.
610 2444 735 2503 servatur,
748 2439 775 2489 in
787 2439 906 2507 margine
919 2439 1080 2507 adscriptum
1092 2443 1144 2490 est:
1160 2437 1294 2508 ,δολιχοῖο
1307 2436 1453 2508 ράρυγγος.“

340 2526 426 2595 Vulgo
440 2524 543 2594 δολιχοῦ
557 2527 689 2593 φαρυγῆος.
708 2524 794 2576 Verba
811 2523 993 2592 significantur
1011 2541 1045 2575 ex
1062 2525 1115 2575 imo
1133 2529 1238 2593 pectore
1255 2525 1378 2593 repetita.
1405 2521 1454 2575 Nisi

340 2611 407 2664 forte
425 2610 590 2664 scribendum
608 2613 648 2661 est
666 2608 773 2674 δολίοιο,
790 2614 832 2674 ut,
851 2610 874 2660 si
891 2614 954 2662 tunc
972 2609 1020 2662 dea
1037 2611 1167 2679 loquatur,
1184 2625 1237 2662 vox
1254 2608 1341 2661 fallax
1356 2609 1453 2662 etfron-

340 2697 446 2750 dulcnta
461 2697 517 2750 fore
535 2695 642 2749 dicatur.
1236 2698 1247 2707 ’

409 2783 419 2815 ⁵
438 2782 481 2835 Sic
499 2783 592 2852 scripsi
608 2799 655 2852 pro
674 2780 791 2851 κέντροις,
815 2781 878 2849 quia
894 2779 982 2833 Attica
1003 2781 1129 2851 correptio
1146 2778 1187 2832 his
1208 2780 1236 2833 in
1255 2782 1369 2835 oraculis
1385 2781 1453 2834 valet

341 2866 471 2931 Quaterna
488 2869 652 2936 planetarum
667 2867 773 2919 orbibus
785 2866 967 2919 tribuebantur
979 2872 1073 2920 centra.
1091 2864 1214 2919 Manetho
1227 2868 1382 2935 apotelesm.
1394 2866 1418 2921 3.
1429 2864 1453 2916 6:

341 2950 457 3017 ἀλλήλων
477 2952 497 3002 θ’
510 2949 558 3001 ‘dea
576 2951 665 3018 δρῶσιν
684 2950 724 3002 ὑπ’
738 2950 870 3001 ἀκτίνεσσιν
889 2949 968 3011 ἐόντες
987 2951 1129 3021 (planetae)
1148 2950 1188 3001 καί
1203 2950 1310 3021 κέντροις
1323 2953 1453 3024 πισύρεσσιν

341 3034 536 3105 έπεμβεβαῶτες,
560 3032 645 3104 ἀείσω,
668 3036 713 3088 49:
732 3031 808 3105 ’Ἄρης
827 3036 848 3086 δ’
862 3034 1002 3101 ἀντολίηθεν
1020 3034 1178 3106 ένερχόμενσς
1196 3067 1230 3075 -
1248 3036 1328 3088 δυ’νων
1346 3068 1381 3077 -
1397 3034 1419 3088 έν
1435 3034 1454 3085 δ’

342 3117 379 3191 ἄρ’
393 3119 534 3190 ὑποχθονίῳ
548 3120 640 3192 κέντρῳ
658 3152 692 3160 -
709 3120 752 3190 ὕψι
765 3121 786 3171 δ’
799 3118 957 3191 ἐπεμβεβαὼς
970 3121 1044 3191 μέσον
1057 3122 1161 3191 οὐρανόν
1179 3160 1185 3172 .
1199 3160 1205 3171 .
1223 3120 1270 3173 32:
1290 3122 1349 3183 Ζείις
1362 3123 1383 3173 δ’
1395 3121 1454 3190 ὥρην

341 3204 436 3276 ἐφέπων
449 3238 482 3245 -
495 3206 570 3276 μέσον
583 3206 687 3276 οὐρανὸν
700 3204 874 3276 ἀμφιπολεύων
887 3237 921 3245 -
934 3206 1012 3257 δύνων
1027 3238 1059 3246 -
1073 3203 1314 3276 ἀντιμεσουρανέων.
1329 3247 1335 3258 .
1353 3206 1454 3260 Ptolem.

341 3293 458 3362 quadrip.
475 3309 501 3361 p.
516 3290 563 3343 115
576 3291 719 3344 demetam:
739 3289 796 3343 ὅταν
810 3290 833 3342 έν
846 3295 896 3352 τοῖς
910 3291 1016 3362 πρώτοις
1034 3284 1081 3342 ὦσι
1099 3292 1143 3343 δύο
1162 3290 1283 3362 κέντροις,
1304 3296 1343 3362 τῷ
1362 3310 1388 3344 τε
1404 3288 1454 3341 ἂνα-

340 3378 453 3429 τέλλοντι
474 3376 515 3427 καλ
537 3381 573 3447 τῷ
598 3382 787 3447 μεσουρανοῦντι
805 3418 810 3428 .
831 3418 836 3428 .
854 3378 882 3430 Ρ.
897 3377 943 3428 77ι
967 3376 1104 3446 θεωροῦμεν
1127 3375 1153 3427 ἐκ
1177 3380 1218 3442 τῆς
1240 3381 1286 3428 τοῦ
1310 3375 1455 3429 έκλειπτικοῦ

340 3464 417 3514 τόπου
437 3462 496 3533 πρὸς
515 3461 546 3513 τά
563 3462 650 3532 κέντρα
668 3462 784 3532 σχέσεως,
804 3462 865 3531 προς
884 3460 927 3531 μέν
945 3461 992 3531 γὰρ
1010 3466 1047 3531 τῷ
1066 3460 1225 3527 ἀπηλιωτικῶ
1241 3459 1350 3531 ὁρίζοντι
1362 3462 1375 3514 ὁ
1387 3463 1455 3519 τόπος

341 3546 449 3599 ἐκπεσών
467 3578 500 3588 --
518 3547 541 3599 έν
560 3547 587 3600 δὲ
604 3552 641 3617 τῷ
660 3549 856 3618 μεσουρανήματι
874 3578 908 3586 -—
925 3546 986 3616 προς
1005 3546 1031 3597 δὲ
1048 3550 1085 3616 τῷ
1097 3546 1191 3617 λιβυκῷ
1204 3544 1311 3617 ὁρίζοντι
1330 3588 1357 3599 ..
1376 3545 1456 3617 Signi·

339 3633 432 3686 ficatur
449 3634 530 3703 igitur
548 3631 668 3702 ἀνατολὴ,
688 3633 767 3702 δύσις,
786 3631 973 3702 μεσουράνημα,
991 3629 1225 3702 ἀντιμεσουράνημα.
1262 3631 1365 3695 Quodsi
1380 3633 1456 3686 maior

340 3720 379 3772 vis
398 3724 437 3771 est
454 3719 568 3772 siderum
586 3719 795 3782 ascendentium,
818 3719 882 3770 luna
902 3723 965 3770 tunc
987 3718 1108 3781 cadebat,
1130 3717 1259 3769 festinans
1283 3718 1317 3770 ad
1341 3733 1456 3773 occaenm

340 3808 366 3855 et
382 3806 472 3873 polum
490 3807 696 3859 subterraneum.
732 3802 857 3856 Manetho
875 3802 900 3857 2.
913 3802 976 3855 403:
999 3799 1086 3862 πάντες
1104 3802 1248 3872 (planetae)
1267 3802 1311 3872 μὲν
1334 3804 1455 3875 χαίρουσιν

341 3886 378 3937 ἐπ’
395 3885 531 3957 ἆντολίῃσιν
555 3889 633 3951 ἐόντες
652 3929 677 3944 ..
701 3888 788 3940 δείελοι
812 3887 914 3958 αὐγῇσιν
942 3886 1057 3957 μαλεροίς
1084 3886 1275 3953 ὑποπεπτηῶτες
1301 3888 1414 3959 ἀδρανέες
1433 3904 1456 3937 τε

341 3971 467 4042 πελονται,
487 3972 525 4024 inv
544 3974 626 4034 σθένος
644 3972 814 4044 ἀμβλύνοντες.

408 4058 419 4091 ⁶
437 4059 523 4127 Vulgo
542 4059 624 4124 Τιτηνλ
642 4060 784 4128 σκερόεσσα.
819 4058 854 4111 Ut
871 4059 919 4112 Sol
929 4060 1017 4122 Titan,
1034 4059 1072 4111 ita
1088 4058 1164 4111 Luna
1174 4058 1279 4111 Titania
1296 4075 1376 4131 saepe
1393 4057 1456 4129 zpnd

340 4149 430 4214 poetas
447 4144 614 4213 posteriores.
649 4144 688 4195 De
705 4144 791 4196 forma
809 4144 851 4209 θεέ
867 4162 893 4214 p.
909 4145 954 4196 121
973 4143 1071 4198 σοι-11
1091 4144 1155 4198 dixi
1191 4143 1279 4207 Quum
1302 4142 1361 4196 ἰδεῖν
1379 4146 1457 4198 soleat

341 4230 565 4284 constellationem
582 4228 746 4298 significare,
768 4234 795 4281 et
811 4231 882 4281 Mars
905 4230 1033 4299 imprimis
1056 4246 1086 4282 ac
1104 4229 1234 4282 Saturnus
1256 4230 1350 4299 iniqua
1365 4230 1456 4283 fuerint

341 4317 438 4382 sidera,
461 4315 571 4369 coniicio
593 4312 668 4365 κακον
693 4311 756 4383 Ἄρη
781 4312 874 4365 ἰδοῦσα.
910 4315 1035 4368 Manetho
1052 4314 1152 4367 3126:
1175 4313 1199 4365 έν
1223 4314 1245 4365 δ’
1262 4311 1301 4386 ἄρ’
1317 4312 1454 4386 ὑποχθονίῳ

341 4401 433 4472 κέντρῳ
447 4442 452 4452 .
467 4442 472 4453 .
485 4400 611 4471 χαλεποὺς
624 4396 786 4469 ἐπιμάρτυρας
799 4393 847 4449 εὖτ’
861 4398 888 4449 ἂν
898 4397 978 4469 tepeo
991 4402 1089 4470 (luna),
1101 4440 1121 4452 ..
1135 4397 1221 4469 ἄλγεσι
1233 4402 1306 4469 φῶτα
1317 4400 1438 4470 χαλέπτει.

409 4486 419 4519 ⁷
437 4486 508 4539 Num
524 4486 560 4539 dii
576 4491 726 4556 propterea,
745 4484 814 4555 quod
832 4484 909 4550 haec,
927 4485 944 4538 i.
955 4502 976 4538 e.
995 4487 1112 4555 iniquam
1129 4486 1369 4556 constellationem,
1387 4499 1454 4538 cave

341 4575 410 4637 rent,
426 4571 482 4625 fato
501 4578 589 4625 essent
605 4571 721 4625 obnoxii.
