3592 5400
576 526 673 569 csrur
687 527 728 568 ιν.
750 526 793 568 na
809 525 1013 568 onncutoeou
1027 526 1225 570 coarctemus.
1415 505 1456 569 45

336 681 404 740 libr‘i
419 681 663 757 explanabantur.
694 679 863 740 Cuiusmodi
879 681 1056 756 interpretes
1070 681 1117 739 rel
1131 681 1216 739 Plato
1231 681 1308 739 tanti
1321 682 1455 752 habebat,

337 799 369 850 ut
387 792 424 850 oe
443 792 520 869 legg.
532 792 584 849 vr.
597 792 658 850 roa
677 784 754 868 (428
770 784 877 869 aem.)
897 792 1124 868 praescriberet:
1146 790 1181 849 ικ
1200 783 1328 873 Δελφῶν
1348 775 1382 849 a
1400 786 1457 874 yps

337 896 445 984 νόμους
465 896 594 983 περὶτὰ
617 893 684 959 θεῖα
707 895 923 984 κομισαμένους
944 897 996 959 καὶ
1017 897 1268 970 καταστήσαντας
1289 895 1333 959 ἐπ’
1355 899 1458 972 αυτοῖς

338 999 502 1096 ἐξηγητάς,
521 1004 639 1081 τούτοις
653 1003 794 1093 χρῆσθαι,
814 1019 844 1070 ot
863 1013 973 1070 similia
986 1013 1107 1089 passim.
1138 1014 1326 1101 „Eodemque
1340 1010 1455 1083 modo,“

337 1125 380 1182 ait
391 1122 452 1183 Cic.
466 1123 502 1180 de
512 1123 570 1180 div.
586 1126 612 1181 1.
626 1123 676 1181 51.
692 1123 767 1193 116,
785 1131 833 1196 ,et
848 1123 1028 1180 oraculorum
1040 1131 1069 1182 et
1080 1124 1318 1182 vaticinationum
1329 1130 1398 1181 sunt
1409 1142 1457 1180 ex·

337 1234 520 1310 planatores,
535 1240 568 1291 ut
581 1232 763 1311 grammatici
772 1231 959 1308 -poetarum.“
987 1233 1064 1292 Nam
1079 1234 1196 1295 deorum
1213 1252 1326 1310 quoque
1341 1234 1458 1292 oracula

338 1345 397 1402 iam
412 1362 489 1403 saec.
505 1345 542 1405 V.
559 1343 682 1402 collecta
695 1343 878 1414 serebantur,
900 1353 931 1402 ut
945 1344 1102 1421 Euripides
1122 1345 1154 1402 in
1168 1345 1323 1403 Plisthene
1338 1341 1456 1402 cecinit:

407 1461 465 1514 tlolv
482 1462 544 1533 γὰρ,
563 1461 621 1514 εἰσίν
639 1463 749 1532 διφθέραι
766 1462 950 1533 μελαγγραφιῑς

407 1556 509 1608 πολλῶν
527 1557 647 1626 γίμυυσοιι
664 1556 752 1617 Λοξίου
770 1554 922 1627 γηρυμίιτων
934 1558 1030 1626 (Treta.
1040 1559 1067 1612 ln
1077 1558 1193 1612 Gramen
1203 1559 1292 1613 anecd.
1301 1559 1326 1612 3.
1335 1558 1393 1612 373.
1405 1558 1456 1627 15).

381 1677 530 1734 Latebant
548 1676 667 1733 oracula
685 1675 778 1733 multa
797 1675 828 1732 in
848 1676 1005 1735 annalibus
1020 1677 1160 1753 cuiusque
1175 1677 1302 1736 civitatis
1321 1677 1456 1755 publicis,

337 1786 418 1844 velut
437 1787 516 1845 Plut.
530 1786 598 1844 adv.
617 1784 752 1844 Golotam
766 1787 813 1843 17.
832 1787 990 1863 pillos.
1011 1787 1068 1844 ait:
1095 1771 1336 1877 Λακεδαιμόνιοι
1354 1782 1408 1845 τὰν
1427 1806 1457 1845 π.

338 1888 519 1980 Λυκούργου
533 1891 665 1978 χρησμὸν
680 1894 711 1953 ἐν
725 1901 793 1965 ταῖς
806 1892 1026 1966 παλαιοτάταις
1041 1895 1227 1981 ἀναγραφαῖς
1241 1898 1366 1979 ἔχοντες.
1399 1897 1457 1957 Sed

337 2007 440 2083 primi,
456 2009 505 2081 qui
521 2026 658 2084 magnum
672 2008 852 2065 oraculorum
867 2026 1019 2065 numerum
1033 2008 1065 2064 in
1081 2008 1171 2066 libros
1186 2007 1363 2084 reciperent,
1378 2008 1458 2086 logo-

337 2118 441 2195 graphi
460 2118 590 2188 fuerunt,
617 2117 647 2174 id
667 2117 744 2194 quod
763 2125 793 2174 et
812 2137 847 2174 ex
866 2117 1015 2176 Herodoto
1041 2117 1212 2176 concludere
1232 2116 1315 2187 licet,
1343 2118 1392 2193 qui
1412 2119 1456 2176 illi

337 2228 479 2286 historiae
498 2228 599 2304 generi
619 2228 767 2304 proximus
788 2236 847 2298 est,
869 2236 899 2286 et
921 2248 957 2286 ex
977 2229 1051 2305 ipsis
1070 2229 1202 2305 reliqniis
1216 2237 1359 2306 ¹apparet,
1379 2229 1458 2287 velut

337 2338 465 2414 Hippyis
480 2339 607 2415 Rhegini
621 2360 669 2416 ap.
681 2340 789 2396 Zenob.
803 2359 883 2414 prov.
897 2342 926 2396 4.
940 2334 990 2397 32.
1007 2346 1037 2397 et
1052 2341 1158 2398 Athen.
1171 2339 1286 2416 epitp.
1301 2343 1350 2399 31.
1363 2342 1396 2410 b,
1418 2348 1456 2412 et,

337 2449 388 2507 ubi
403 2449 466 2507 viso
481 2449 673 2525 Aesculapius
689 2469 722 2507 se
737 2449 836 2518 offert,
853 2469 900 2525 ap.
913 2449 1029 2507 Aelian.
1043 2457 1103 2507 nat.
1115 2469 1163 2508 an.
1177 2451 1206 2508 9.
1220 2452 1269 2508 33.
1302 2451 1457 2527 Praecipui

337 2561 442 2616 harum
463 2579 558 2616 rerum
578 2565 711 2618 auctores
732 2560 753 2617 ii
769 2567 851 2629 sunt,
873 2559 924 2635 qui
937 2577 969 2616 π.
984 2554 1110 2616 κτίσεων
1124 2557 1312 2635 scripserunt.
1342 2562 1389 2618 Ex
1411 2559 1457 2618 bis
1566 2616 1569 2625 ,

338 2670 382 2728 Di
390 2689 406 2727 o
414 2671 537 2746 nysius
550 2668 752 2729 Chalcidensis
765 2670 875 2740 hausit,
887 2670 938 2747 qui
950 2679 1053 2745 quarto
1064 2690 1090 2729 a.
1099 2669 1169 2729 Chr.
1182 2671 1299 2729 saeculo
1309 2663 1455 2749 (Muelleri

337 2781 373 2839 fr.
387 2782 456 2839 hist.
469 2781 521 2840 Gr.
535 2785 564 2839 4.
579 2783 650 2840 393.
663 2772 692 2857 ο)
708 2781 836 2856 quinque
850 2799 880 2837 π.
896 2776 1023 2839 κτίσεων
1036 2782 1127 2842 libros
1142 2781 1248 2854 edidit3
1263 2802 1300 2839 ex
1313 2782 1456 2858 Dionysio

338 2892 455 2948 oracula
478 2892 676 2967 repetiverunt
701 2910 787 2966 quum
813 2891 864 2948 alii
891 2884 940 2968 (cf.
956 2892 1065 2950 Zenob.
1082 2912 1163 2968 prov.
1180 2893 1208 2950 5.
1227 2894 1265 2951 74
1281 2912 1306 2951 c.
1329 2893 1455 2970 interpp.

338 3001 424 3060 Voss.
437 3002 505 3061 hist.
519 3002 573 3068 Gr.
584 3003 638 3061 Ill.
655 3023 683 3078 p.
697 3003 757 3060 432
771 2994 890 3079 west),
913 3010 975 3060 tum
994 3003 1121 3080 plurima
1139 3003 1176 3060 de
1195 3004 1317 3062 urbibus
1332 3005 1457 3062 conden-

337 3112 386 3170 dis
401 3113 581 3188 coloniisque
596 3113 772 3171 deducendis
789 3110 910 3183 Strabo,
926 3113 1057 3187 quamvis
1068 3122 1215 3171 auctorem
1227 3134 1284 3172 non
1296 3116 1435 3175 nominet.

381 3224 467 3281 Mitto
478 3224 674 3293 Herodotum,
691 3223 869 3299 Diodorum,
886 3223 1062 3299 Dionysium
1070 3224 1156 3294 Hal,
1173 3222 1361 3295 Strabonem,
1379 3226 1456 3283 Pau-

337 3334 467 3405 saniam;
492 3334 575 3392 mitto
600 3335 689 3392 etiam
710 3354 776 3403 eos,
803 3334 853 3408 qui
877 3351 907 3390 π.
928 3325 1132 3416 ἀναθημάτων
1156 3333 1352 3410 scripserunt,
1377 3335 1457 3392 velut

338 3444 525 3502 Polemonem
546 3438 668 3523 (Athen.
685 3447 731 3503 13.
751 3445 811 3501 475
825 3462 848 3502 c.
870 3443 985 3502 Preller
1003 3443 1039 3501 fr.
1056 3444 1168 3502 Polem.
1186 3464 1215 3520 p.
1229 3436 1285 3521 36)
1307 3452 1339 3501 et
1356 3446 1456 3503 Mene·

338 3562 430 3612 torem
447 3547 568 3632 (Athen.
585 3558 631 3612 13.
646 3556 707 3613 594
720 3546 772 3630 ο.)
800 3553 841 3610 Hi
862 3554 939 3609 enim
961 3572 1060 3611 ornnes
1080 3553 1174 3611 obiter
1193 3560 1321 3631 tantum,
1341 3556 1390 3613 ubi
1409 3574 1456 3613 res

337 3663 440 3735 ferret,
466 3684 608 3742 responsa
634 3666 733 3722 divina
755 3664 945 3722 tradiderunt.
979 3664 1055 3722 Aliis
1083 3654 1150 3722 iero
1174 3664 1313 3723 divinatio
1331 3660 1406 3742 'ipsa
1427 3674 1456 3723 et

338 3777 449 3852 templa
467 3776 586 3834 fatidica
605 3784 689 3833 erant
707 3760 889 3853 argumenta.
918 3777 962 3832 Ac
981 3774 1007 3833 si
1028 3776 1077 3849 qui
1098 3782 1192 3833 artem
1213 3784 1291 3833 recte
1306 3775 1456 3835 divinandi
1562 3768 1565 3779 ¹

337 3887 494 3955 docebant,
520 3886 638 3944 deorum
663 3905 806 3962 responsa
829 3884 906 3942 haud
932 3887 1142 3962 ¹congerebant3
1171 3886 1251 3943 velut
1270 3886 1456 3946 Polemae·

338 4004 443 4054 nctus
463 4004 559 4067 vates,
586 3996 635 4071 qui
657 3997 815 4072 Thrasyllo
840 3995 950 4072 hospiti
970 3990 1026 4065 τοὶς
1048 3990 1166 4073 βίβλους
1185 3991 1239 4066 τοὶς
1258 4014 1288 4053 π.
1312 4002 1456 4077 μαντικῆς

338 4100 483 4163 κατέλιπε
500 4099 630 4186 (lacerat.
643 4106 776 4183 Aeginet.
789 4126 853 4183 cap.
868 4107 896 4165 2.
912 4125 941 4182 p.
956 4106 1016 4165 385
1030 4125 1054 4166 ο.
1071 4104 1189 4183 Steph.;
1214 4109 1269 4183 „do
1283 4109 1411 4185 auguriis
1427 4116 1456 4165 et
1545 4089 1555 4107 '

337 4216 505 4293 aruspicina
524 4217 614 4275 fuisse
634 4212 786 4274 videntur“
808 4215 882 4274 Lob.
894 4218 961 4293 Agl.
975 4218 1035 4276 979
1048 4224 1109 4274 not.
1121 4210 1166 4295 a),
1188 4227 1217 4274 et
1237 4218 1454 4293 Apollonius

337 4327 602 4396 Lacedaemonius,
624 4328 705 4384 cuius
726 4329 815 4385 verba
833 4328 869 4384 de
884 4327 1013 4403 auguriis
1029 4327 1116 4385 Mich.
1129 4328 1247 4385 Psellus
1266 4344 1296 4383 π.
1311 4324 1455 4410 oporta-

338 4418 500 4506 ’ἶοσκοπίας
519 4432 570 4493 καὶ
590 4432 801 4506 οἰωνοσκοπίας
821 4437 907 4495 affert
922 4434 983 4515 (ed,
999 4438 1036 4495 R.
1052 4437 1183 4494 Hercher
1197 4416 1353 4515 Philologi.
1373 4437 1453 4495 VIII.

339 4566 367 4622 p.
385 4548 578 4606 166-68a
594 4541 695 4624 1853).
783 4578 787 4589 ›
