3592 5400
340 496 400 560 132
831 512 922 556 mans
941 513 961 555 1.

491 667 535 727 III
552 669 590 726 14
605 686 635 743 p.
649 667 689 726 74
705 664 806 743 Steph.
822 684 851 741 p.
868 666 926 723 123
942 663 1007 741 Vig.

402 771 464 836 Καὶ
477 772 513 834 ro*
530 760 608 845 εἶδος
624 761 657 834 δὲ
671 771 805 834 ἑαυτῶν1
821 766 1043 858 ιἰπυγριίφουσι2
1057 775 1112 830 τοῦ
1128 765 1298 854 σχήματος,
1322 765 1420 852 ὥσπερ
1439 767 1454 826 θ

338 882 406 947 Πρὶν
421 884 472 945 καὶ
486 881 596 955 οιύτθς3
612 884 642 943 ἐν
654 891 798 968 ,χρησμοῖς
812 880 878 967 περὶ
892 882 1002 942 ἑαυτοῦ
1016 867 1093 941 τάδε
1108 875 1191 966 λέγει
1207 865 1376 939 διδάσκων·

549 999 598 1055 00.
645 990 770 1078 εὔχομαι
786 989 890 1075 βροτὸς
904 988 1002 1078 γεγὼς

644 1098 723 1162 Πανὶ
738 1098 904 1188 σύμφυτος
920 1097 992 1180 θεῷ,

644 1198 845 1297 δισσοκέρατι,
862 1197 1030 1286 δισσόποδι,

643 1326 663 1399 †
677 1321 890 1408 τραγοσκελεῒ,
905 1326 1062 1405 τρυφῶντι

408 1436 492 1490 Ταῦτα
505 1433 528 1488 ἐν
541 1431 688 1506 ἀπορρήτοις
701 1439 743 1501 τῆς
756 1431 782 1486 ἐκ
795 1433 887 1503 λογίων
901 1432 1047 1502 φιλοσοφίας
1060 1429 1073 1483 ὁ
1087 1431 1204 1496 δηλωθελς
1217 1428 1277 1501 ἀνὴρ
1289 1431 1417 1483 τέθειται*

341 1633 426 1700 longis
440 1631 565 1684 cincinnis
579 1632 717 1694 ornabant,
735 1630 887 1700 plerumque
905 1628 986 1681 ternis
1004 1635 1050 1680 aut
1067 1628 1104 1680 cis
1121 1644 1197 1680 aures
1214 1628 1326 1696 singulis
1345 1628 1379 1680 ab
1390 1632 1456 1679 utra·

341 1733 391 1786 que
402 1721 488 1785 parte;
504 1716 584 1767 radiis
603 1732 679 1784 saepe
698 1715 904 1778 circumdabant,
920 1714 1035 1766 velutin
1051 1714 1189 1765 simulacro
1201 1713 1287 1765 Musei
1298 1711 1456 1764 Pioclomeu·

340 1802 388 1853 tini
401 1816 442 1869 ap.
453 1799 699 1852 Wiuckeimauuum
710 1816 781 1853 mon.
796 1799 859 1851 artis
872 1805 925 1852 aut.
936 1804 1000 1852 tom.
1014 1800 1025 1850 l
1039 1815 1111 1850 num.
1121 1797 1162 1850 43.
1180 1798 1220 1850 ita
1228 1797 1338 1866 Sarapei
1347 1798 1456 1848 Alexan·

342 1886 408 1938 driui
423 1886 538 1938 fenestra
555 1901 585 1937 eo
604 1889 659 1937 erat
674 1886 746 1950 loco,
763 1890 793 1937 ut
808 1884 848 1937 sol
864 1884 956 1953 primis
972 1883 1052 1935 radiis
1065 1883 1199 1953 Sarapidis
1217 1887 1295 1953 eaput
1310 1883 1456 1935 illustraret

340 1971 451 2024 Rufinus
462 1971 522 2023 hist.
536 1970 598 2024 eccl.
614 1970 653 2023 11.
667 1968 708 2024 33.

409 2074 417 2106 ¹
439 2071 520 2123 αὐτῶν
532 2071 586 2125 ΑΗ,
742 2070 753 2103 ²
770 2070 821 2124 Dii.
977 2069 988 2103 ³
1007 2067 1033 2120 δὲ
1046 2069 1096 2124 adi.
1110 2067 1174 2122 GDF
1177 2067 1208 2121 G.

409 2157 420 2189 ⁴
438 2157 521 2220 Loco,
541 2172 619 2224 quem
632 2155 710 2206 modo
728 2155 814 2219 attuli,
833 2154 1084 2223 protendentes
1097 2155 1133 2206 ita
1145 2153 1244 2223 pergit:
1263 2152 1303 2203 red
1316 2149 1330 2204 ὁ
1343 2150 1395 2204 Πὰν
1407 2150 1457 2223 περί

341 2237 428 2294 ἑαυτοῦ
445 2240 521 2310 θμνον
539 2237 644 2298 ἐδίδαξεν
663 2236 753 2307 ἔχοντα
771 2238 862 2297 οίίτως·
886 2237 991 2309 εὔχομαι
1007 2269 1041 2277 -
1058 2241 1193 2307 τρυφῶντι,
1215 2236 1256 2288 καὶ
1273 2237 1303 2288 τὰ
1326 2236 1456 2290 ἀκόλουθα.

340 2325 448 2378 Eusebii
465 2326 535 2376 enim
552 2323 616 2375 haec
634 2325 714 2376 verba
731 2339 788 2374 esse
806 2324 929 2388 arbitror,
947 2325 1008 2392 quia
1024 2342 1050 2394 p.
1062 2322 1110 2375 123
1127 2323 1248 2375 distincte
1266 2322 1343 2388 dicit,
1361 2340 1390 2375 se
1400 2322 1458 2375 Por·

340 2409 428 2481 phyrii
438 2410 517 2461 verba
534 2407 635 2462 afferre.
660 2406 735 2470 Quod
746 2407 878 2477 praecedit
889 2425 915 2477 p.
925 2408 973 2460 201
985 2426 1008 2462 a.
1028 2408 1160 2477 Sarapidis
1178 2408 1313 2460 oraculum
1331 2407 1365 2459 ad
1382 2409 1458 2460 simu·

341 2495 417 2558 lacri,
437 2511 491 2546 non
508 2494 540 2545 ad
557 2493 599 2545 dei
616 2494 732 2562 speciem
751 2494 876 2562 pertinet,
901 2509 967 2561 quae
984 2493 1020 2545 ibi
1038 2498 1182 2562 sequuntur
1204 2493 1322 2556 oracula,
1345 2492 1458 2545 numinis

341 2579 422 2648 ipsius
438 2580 551 2631 formam
569 2578 727 2648 significant.
753 2576 838 2640 Quare
856 2582 918 2646 apta
934 2577 966 2629 ad
982 2577 1051 2631 hunc
1068 2579 1155 2630 locum
1164 2576 1308 2646 Porphyrii
1324 2577 1457 2647 praefatio.

342 2664 394 2718 Sed
405 2666 517 2718 fortasse
530 2669 590 2717 ante
603 2661 726 2716 διδάσκων
743 2663 917 2734 supplendum
931 2662 1008 2732 θμνον
1024 2681 1058 2717 ex
1075 2681 1101 2733 p.
1113 2663 1160 2716 201
1172 2679 1198 2728 ο,
1215 2667 1242 2715 et
1257 2667 1319 2733 post
1333 2663 1459 2733 σχήματος

342 2767 375 2804 ex
387 2749 492 2802 Eusebii
505 2750 667 2802 enarratione
679 2766 703 2817 p.
715 2748 762 2800 201
774 2764 800 2800 a:
814 2744 855 2816 ἀφ’
868 2740 903 2798 ὧν
915 2748 956 2799 καὶ
968 2745 999 2799 τὰ
1009 2745 1142 2818 ἀγάλματα
1154 2747 1221 2799 otro
1234 2747 1382 2817 καθιδρύθη,
1395 2764 1459 2818 quae

341 2836 422 2887 verba
438 2851 472 2886 ex
483 2833 625 2902 Porphyrio
644 2834 764 2885 videntur
776 2832 870 2884 hausta
888 2849 954 2885 esse.
977 2834 1005 2885 P.
1018 2833 1065 2886 123
1077 2831 1187 2903 γεγονὼς
1203 2850 1250 2901 pro
1268 2832 1351 2902 γεγὼς
1364 2832 1459 2896 ODFG,

343 2915 404 2969 aduc
421 2934 468 2987 pro
481 2916 542 2967 Πανλ
560 2924 585 2968 et
601 2915 749 2987 τραγόσκελι
761 2918 819 2980 ΑΗ,
836 2916 915 2969 iidem
930 2935 956 2987 p.
968 2917 1015 2970 201
1034 2917 1190 2989 τραγοσκίλι.
1215 2916 1312 2970 Omnes
1332 2918 1459 2987 συμφύτῳ,

343 3002 412 3071 quod
430 3001 579 3054 coniectura
595 3001 702 3053 mutavi.
735 3001 840 3053 Faunus
857 3002 967 3071 fingitur
985 3002 1112 3071 hymnum
1130 3003 1255 3068 edidisse,
1273 3019 1325 3072 quo
1344 3002 1460 3055 homines

342 3090 484 3138 uterentur.
511 3085 594 3137 Homo
606 3086 687 3154 igitur
699 3085 746 3136 ait:
765 3087 875 3154 glorior,
892 3087 962 3155 quod
980 3103 1029 3156 ego
1042 3088 1158 3140 eiusdem
1174 3092 1284 3140 naturae
1301 3088 1460 3158 originisque

343 3171 393 3223 sim
405 3187 435 3223 ac
446 3170 566 3235 Faunus,
584 3171 629 3239 qui
645 3187 679 3222 ex
691 3174 773 3222 matre
785 3171 890 3223 mortali
906 3177 1011 3241 partus,
1029 3172 1147 3225 divinum
1162 3173 1289 3225 honorem
1305 3178 1460 3227 consecutus

343 3261 390 3310 eet.
408 3255 479 3308 Inter
491 3272 550 3321 eos,
569 3256 614 3325 qui
626 3272 658 3307 ex
671 3255 825 3308 mortalibus
838 3255 874 3307 dii
884 3255 948 3308 facti
960 3257 1025 3321 sint,
1037 3257 1155 3310 Faunum
1167 3258 1306 3310 nominant
1315 3259 1460 3311 Herodotus

343 3340 367 3395 2.
382 3340 428 3393 140
439 3347 464 3393 et
472 3340 592 3409 Hyginus
604 3340 724 3395 155224.
748 3339 781 3392 ut
791 3338 820 3392 hi
828 3345 854 3392 et
862 3340 990 3394 Pindarus
1005 3341 1037 3395 fr.
1046 3341 1202 3396 68Boeckh.
1216 3342 1461 3413 etaliiPenelopam

342 3431 453 3479 matrem
465 3426 545 3477 fuisse
558 3425 675 3490 tradunt;
688 3426 750 3494 quin
762 3426 843 3478 etiam
854 3432 986 3478 mortuum
999 3443 1056 3480 esse
1068 3428 1118 3479 sub
1129 3427 1234 3480 Tiberio
1246 3432 1344 3480 nautae
1358 3428 1460 3497 quidem

343 3510 497 3575 referebant,
507 3515 573 3563 teste
582 3511 648 3563 Plut.
659 3511 690 3563 de
700 3510 750 3562 def.
761 3527 842 3563 oracc.
855 3509 885 3562 17
893 3528 920 3579 p.
927 3511 977 3563 419
987 3511 1046 3580 (715
1055 3512 1150 3580 wytt.)
1161 3511 1206 3581 qui
1214 3511 1287 3564 addit
1295 3510 1397 3574 εἰκάζειν
1406 3512 1460 3570 τοὺς

344 3594 398 3664 περὶ
416 3595 490 3646 αὐτόν
503 3594 659 3663 (Tiberium)
672 3594 821 3664 φιλολόγους
834 3594 939 3664 συχνοὺς
953 3590 1023 3654 ὄντας
1036 3595 1078 3646 τδν
1091 3594 1116 3656 ἐξ
1126 3594 1221 3665 Ἑρμοῦ
1231 3595 1272 3647 καλ
1282 3596 1429 3663 Πηνελόπης
1441 3634 1460 3649 ..

344 3678 525 3749 γεγεννημένον.
549 3679 608 3732 Νου
625 3680 669 3731 illa
681 3684 795 3744 tantum,
812 3680 858 3732 sed
870 3680 949 3732 etiam
961 3681 1014 3732 alia
1026 3682 1190 3750 corruptione
1201 3680 1331 3734 Eusebius
1343 3682 1461 3751 inquina·

343 3770 400 3816 tum
410 3766 544 3816 oraculum
553 3765 655 3817 videtur
663 3766 768 3833 legisse.
786 3764 906 3834 Namque
916 3766 966 3817 etsi
974 3784 1005 3816 σκ
1013 3783 1068 3819 non
1076 3783 1179 3835 semper
1187 3765 1321 3835 producit,
1331 3768 1378 3820 ubi
1387 3782 1460 3819 voca-

343 3850 435 3901 bulum
452 3849 554 3917 incipit,
571 3850 685 3901 velutin
701 3849 861 3901 Scamandro
878 3866 919 3918 ap.
937 3851 1014 3905 Hom.
1031 3852 1061 3903 11.
1077 3850 1176 3915 11465,
1189 3850 1251 3914 467,
1268 3850 1381 3916 111Ι21,
1396 3849 1460 3905 XXI

345 3932 408 3997 223,
425 3932 487 3995 305,
504 3933 531 3984 in
550 3932 679 4003 σκεπάρνῳ
697 3934 744 3986 Od.
756 3934 780 3986 V
792 3934 854 3999 237,
870 3934 910 3987 IX
921 3933 971 3987 391
990 3942 1016 3987 et
1031 3950 1073 4005 ap.
1090 3935 1233 3989 Leonidam
1245 3936 1418 3996 Tarentinum
1434 3936 1460 3987 iu

344 4014 415 4069 anth.
427 4015 481 4069 Pal.
496 4016 530 4067 VI
543 4015 591 4068 205
604 4033 627 4069 ν.
639 4018 665 4082 0,
684 4034 725 4087 ap.
737 4020 880 4072 Hesiodum
898 4036 958 4089 opp.
974 4019 1037 4088 580,
1056 4021 1102 4073 ubi
1119 4019 1218 4089 πετραίη
1236 4037 1262 4071 τε
1280 4022 1337 4085 σκιή
1354 4022 1460 4090 legitur;

344 4118 385 4169 ap.
400 4100 509 4169 Oppian.
522 4098 573 4152 hal.
589 4100 610 4152 1.
625 4100 672 4153 132
683 4099 727 4166 ἠδὲ
739 4103 859 4171 σκίαιναν,
876 4105 954 4169 alias,
968 4111 1057 4157 tamen
1072 4106 1101 4158 in
1112 4104 1197 4158 medio
1210 4105 1337 4157 vocabulo
1349 4107 1397 4158 illa
1408 4122 1460 4159 cor·

343 4185 427 4255 reptio
446 4185 518 4237 nullo
537 4186 656 4254 exemplo
675 4187 855 4252 confirmatur,
879 4190 931 4241 nisi
951 4190 1019 4242 sorte
1041 4191 1177 4243 nominum
1194 4191 1362 4259 propriorum
1377 4192 1405 4243 in
1424 4191 1459 4243 in·

344 4271 535 4340 scriptionibus.
576 4269 661 4333 Quum
680 4278 815 4341 praeterea
836 4273 968 4334 δισοόιιους
988 4292 1119 4345 nusquam
1138 4275 1294 4344 reperiatur,
1319 4276 1409 4329 nescio
1429 4291 1460 4327 an

345 4355 509 4410 scribendum
521 4356 566 4409 sit:

701 4442 865 4512 δισοοκέρατι,
884 4442 1001 4513 δισκελεί,

699 4528 848 4596 τραγόιτοδι,
865 4530 995 4597 τρυφῶντι.
