3592 5400
796 512 929 555 maur.

432 658 594 733 ίςπλαιύν
608 660 731 746 ιἰερίωνι
745 660 832 748 χορὸν
846 658 951 748 ἔρχεο2
966 661 1157 747 σύρανιώνων.

434 769 584 856 ἀστραίοις
598 759 747 856 diuersa}
761 771 813 832 καὶ
826 767 962 856 αἰθερίοις
976 771 1024 834 ἐπὶ
1037 780 1126 835 πᾶσιν

433 873 510 968 αἷμα
523 877 578 967 μὲν
591 883 626 943 ίκ
640 884 757 969 λαιμῶν
772 881 976 969 κρουνώμασιν
991 883 1067 970 cippi
1082 879 1211 958 θυηλοὶς4

381 1040 388 1053 .
433 981 613 1078 λιμνάζεινί,
624 990 665 1053 παὶ
680 980 714 1054 δὲ
728 1001 801 1080 pate
813 988 892 1066 θεοῖς
906 995 936 1054 ἐν
952 981 1033 1054 δαιτὶ
1045 991 1208 1058 πονεῖσθαι.

433 1097 511 1187 ἄκρα
526 1098 580 1188 μὲν
595 1097 749 1188 Ἡφαίστῳ
766 1091 904 1190 δύμεναι,
919 1101 960 1164 τοὶ
975 1091 1008 1165 δὲ
1022 1103 1115 1166 λοιποὶ
1128 1101 1307 1183 πάσασθαιθ,
1450 1127 1464 1165 s

432 1212 571 1298 ἀτμοῒσιν
585 1210 733 1298 λαροῒσιν7
748 1211 959 1287 ένιπλῆσαντες
974 1214 1095 1276 ἅπαντα

431 1319 504 1408 ἠέρα
519 1321 727 1410 ρἐυσπαλέονθ·
741 1324 789 1386 ἐπὶ
804 1312 830 1385 δ’
842 1323 931 1410 εύχσὶς
944 1322 1099 1411 πέμπετε9
1113 1314 1225 1388 τοῖσδε

303 1478 449 1544 Ὠκεανοῖο,
462 1477 487 1540 ἐξ
496 1473 571 1549 ούπερ
582 1477 666 1540 πάντες
676 1479 784 1550 ποταμοὶ
794 1480 834 1532 καὶ
843 1484 911 1533 πᾶσα
921 1481 1034 1533 θάλασσα
1043 1482 1083 1533 καὶ
1092 1484 1168 1533 πᾶσαι
1178 1486 1263 1551 κρῆναι
1272 1484 1312 1535 καλ
1322 1485 1424 1555 ρρείαια

304 1565 387 1635 μακρὰ
400 1562 505 1616 ναίουσιν.
528 1564 653 1633 utigitur
666 1565 787 1634 Neptuno
799 1568 915 1635 equestri
928 1568 970 1630 „in
982 1567 1085 1635 Illyrico
1099 1574 1239 1636 quaternos
1251 1585 1333 1637 equos
1346 1569 1423 1622 iacis·

304 1652 369 1704 bant
381 1667 451 1704 nono
464 1666 567 1718 quoque
577 1666 646 1703 anno
656 1651 683 1702 in
693 1655 780 1703 mare“
792 1651 871 1719 (lest.
882 1668 904 1704 s.
915 1668 939 1705 ν.
950 1652 1073 1720 Hippius,
1086 1654 1161 1721 quis.
1174 1670 1196 1705 v.
1207 1653 1318 1706 October
1327 1670 1422 1722 equuus

305 1734 416 1801 „Rhodii
435 1734 574 1802 quotannis
591 1735 731 1804 quadrigas
750 1735 805 1788 Soli
823 1741 988 1788 consecratas
1004 1736 1032 1788 iu
1048 1752 1120 1789 mare
1138 1738 1276 1805 iaciunt“)‚
1293 1739 1331 1789 ita
1345 1737 1423 1791 Paus.

303 1819 327 1872 8.
341 1819 365 1874 7.
379 1819 406 1870 ’δε
425 1815 475 1869 ἔστι
487 1817 513 1870 δέ
525 1817 540 1884 ἡ
554 1818 611 1884 Δίνη
624 1819 687 1870 κατὰ
699 1818 727 1869 εδ
740 1819 864 1870 Γενέθλιον
876 1819 1029 1887 καλούμενον
1042 1823 1083 1886 τῆς
1096 1819 1242 1891 Ἀργολίδος
1258 1821 1326 1892 ύδωρ
1344 1821 1422 1892 γλυκὶι

303 1903 330 1955 έκ
343 1901 469 1968 θαλάσσης
482 1901 652 1973 ἀνερχόμενον,
670 1903 699 1954 τὸ
715 1903 741 1955 δὲ
754 1901 857 1974 σίρχαῖον
870 1904 910 1955 καλ
923 1903 1035 1955 καθίεσαν
1054 1901 1077 1963 ές
1095 1903 1138 1970 τὴν
1150 1904 1222 1969 Δίνην
1239 1909 1276 1974 τῷ
1289 1906 1423 1958 Ποσειδῶνι

300 1989 393 2048 ἵππους
406 1987 429 2039 σί
441 1986 546 2057 Ἀργεῖοι
558 1988 754 2058 κεκοσμημένους
772 1988 892 2058 χαλινοῖς.
917 1989 1023 2041 Troiani
1038 1990 1066 2041 in
1078 1988 1236 2042 Scamandro
1254 2007 1336 2059 equos
1349 1992 1422 2045 vivos

302 2073 472 2143 mergebaut3
483 2067 506 2142 ᾧ
519 2072 549 2140 δὴ
562 2073 637 2141 δηθά,
650 2074 687 2126 ait
698 2072 811 2125 Achilles
823 2073 852 2126 ll.
865 2073 907 2125 21.
921 2072 981 2137 131,
998 2072 1089 2133 πολέας
1101 2072 1200 2144 ἱερεύετε
1212 2074 1328 2144 ταύρους,
1342 2075 1423 2143 ζωούς

304 2159 326 2210 δ’
335 2157 359 2210 ἐν
372 2157 451 2228 δίνῃσι
468 2157 561 2209 καθίετε
574 2157 690 2228 μώνυχας
700 2158 798 2218 ἵππους.
820 2158 932 2210 Femora
948 2158 1042 2210 saltem
1057 2158 1232 2227 aPhrygibus
1249 2160 1277 2210 in
1288 2159 1423 2211 Maeandri

302 2245 477 2312 Marsyaeque
494 2242 580 2294 tontes
597 2244 638 2294 vel
656 2245 705 2295 sub
723 2243 862 2296 Antoninis
880 2243 1053 2308 iaciebantur,
1074 2248 1140 2295 teste
1156 2242 1274 2294 Maximo
1292 2243 1370 2312 Tyrio
1388 2241 1422 2295 38

302 2347 328 2399 p.
339 2329 391 2381 400
403 2328 443 2380 ed.
455 2328 543 2381 Daris.
557 2326 589 2393 (8.
603 2327 619 2379 8
630 2327 732 2395 Reisk.)
743 2328 838 2382 Euseb.
849 2329 912 2382 eccl.
923 2327 984 2382 hist.
994 2328 1018 2380 7.
1031 2328 1073 2380 17:
1087 2325 1125 2378 ἐπί
1136 2331 1178 2393 τῆς
1191 2327 1318 2378 Φιλίππου
1331 2327 1423 2379 Καισα·

303 2413 367 2484 ρείας
379 2453 386 2466 .
398 2453 404 2464 .
418 2411 486 2481 παρὰ
496 2414 549 2471 ταῖς
563 2454 569 2466 .
581 2451 587 2465 .
600 2411 728 2482 ὑπωρείαις
745 2418 788 2464 τοῦ
802 2413 955 2482 καλουμένου
968 2413 1071 2464 Πανείου
1084 2408 1155 2483 ὄρους
1168 2416 1272 2481 πηγαῖς,
1290 2411 1315 2473 έξ
1332 2406 1366 2464 ὧν
1382 2412 1422 2463 καλ

302 2498 345 2550 τδν
363 2494 489 2568 Ἰορδάνην
507 2497 666 2567 προχεῖσθαι,
688 2498 751 2548 καιοί
769 2515 821 2548 τινα
839 2496 923 2567 ἑορτῆς
941 2497 1033 2567 ἡμέραν
1052 2495 1157 2566 σρίιγιύν
1175 2515 1197 2546 τι
1215 2495 1420 2564 καταβάλλεσθαι.

302 2584 395 2652 ltaque
409 2581 515 2635 Graecis
534 2587 560 2633 et
576 2581 731 2651 quibusdam
748 2582 865 2634 barbaris
882 2599 939 2634 mos
957 2588 1012 2634 erat
1029 2581 1184 2633 communis.
1206 2580 1287 2632 Aliter
1299 2579 1423 2649 Aegyptii

301 2686 356 2722 non
374 2673 457 2721 totam
474 2667 620 2731 victimam,
644 2667 689 2719 sed
708 2673 786 2737 caput
803 2666 933 2720 duntaxat
949 2667 1095 2719 abscissum
1112 2666 1242 2718 iaciebant
1258 2666 1287 2717 in
1303 2663 1422 2730 fluvium,

302 2756 372 2807 mala
385 2754 527 2822 imprecati.
545 2753 667 2807 Herodot.
679 2753 702 2807 θ.
714 2752 754 2805 39.
763 2752 832 2807 Plut.
844 2753 874 2805 de
884 2753 952 2805 Iside
962 2752 994 2804 31
1004 2770 1030 2822 p.
1039 2751 1089 2804 363
1099 2751 1123 2802 b.
1143 2750 1247 2803 Oraculi
1257 2756 1346 2804 auctor
1356 2768 1422 2821 quos

302 2842 368 2892 ritus
382 2839 519 2890 civitatum
531 2837 694 2907 quarundam
706 2855 763 2890 esse
775 2840 885 2907 legerat,
899 2854 944 2891 eos
957 2838 990 2890 ad
1003 2852 1094 2890 omues
1107 2836 1236 2901 extendit,
1249 2836 1357 2890 deorum
1369 2838 1423 2889 cul·

302 2932 361 2978 tum
372 2928 446 2976 ratus
459 2928 577 2975 constare
589 2923 640 2974 sibi
651 2922 752 2975 debere.

374 3011 383 3043 ¹
403 3006 495 3078 Ἀέριος
506 3006 531 3059 h.
541 3008 558 3059 1.
571 3008 648 3060 latius
660 3013 731 3077 patet
743 3009 831 3077 eique,
844 3008 914 3078 quod
926 3013 1046 3060 terrestre
1059 3012 1111 3072 est,
1127 3008 1273 3078 opponitur.
1298 3006 1423 3061 Similiter

303 3096 404 3165 χθόνιος
416 3094 513 3162 duplici
522 3094 651 3145 sententia
659 3093 728 3145 idem
739 3096 873 3147 oraculum
881 3100 998 3164 usurpat.
1018 3092 1106 3164 Ἀἐρισι
1116 3092 1260 3162 ούρανίωνες
1271 3094 1350 3163 igitur
1359 3092 1422 3147 deos

303 3180 420 3235 sidereos
433 3183 459 3230 et
470 3178 598 3231 aetherios
612 3180 826 3248 complectuntur.

373 3264 385 3298 2
403 3261 475 3334 ἔρχευ
486 3263 520 3328 F,
534 3260 607 3333 ἆρχεν
620 3262 648 3315 (λ

372 3348 384 3383 ⁸
401 3349 487 3418 Vulgo
505 3348 623 3417 διέπειτα,
643 3348 724 3402 Gaisi.
740 3354 830 3401 tacens
849 3347 976 3414 δ’ἤπειτα.
1003 3348 1219 3400 Restitui'crasin
1235 3348 1423 3416 particularum

303 3434 334 3501 δὴ
346 3430 441 3485 ἔπειται
454 3449 539 3503 neque
551 3435 620 3486 enim
633 3450 730 3486 novum
743 3434 850 3486 deorum
862 3449 946 3502 genus
959 3432 983 3484 h.
993 3434 1011 3486 l.
1024 3432 1149 3500 sequitur,
1161 3432 1206 3482 sed
1219 3431 1288 3499 quod
1299 3448 1323 3485 v.
1334 3446 1420 3500 praec.

303 3519 482 3590 significatum
494 3526 557 3573 erat.
582 3518 668 3582 Quum
681 3518 714 3571 ad
726 3518 847 3581 chorum,
864 3518 961 3587 inquit,
979 3518 1087 3571 deorum
1104 3516 1256 3569 sublimium
1274 3522 1299 3567 te
1316 3532 1422 3569 conver-

302 3607 379 3670 teris,
396 3610 454 3656 tum
464 3604 557 3668 tacito,
573 3610 603 3655 ut
618 3609 723 3673 stagnei
735 3604 802 3655 circa
813 3608 900 3672 partes
916 3601 1016 3654 hostiae
1030 3601 1182 3653 cremandas
1195 3601 1303 3670 sanguis
1316 3617 1350 3652 ex
1362 3605 1421 3669 gut-

302 3697 361 3742 ture
374 3689 498 3742 scatebris
511 3690 651 3753 ebulliens;
668 3689 827 3753 comburito,
840 3703 907 3757 quae
920 3688 1027 3739 deorum
1039 3687 1073 3738 sit
1086 3701 1178 3738 coena:
1192 3685 1292 3754 reliqua
1303 3685 1423 3737 membra

302 3774 441 3829 eomedito.
1111 3772 1114 3777 ’

372 3860 385 3893 ⁴
403 3859 447 3924 θύη
461 3857 502 3918 τὰς
515 3857 549 3922 C,
563 3858 649 3923 θυητδις
662 3858 698 3923 D,
711 3857 798 3923 θύητας
810 3858 870 3922 FG,
883 3855 967 3917 θεατὰς
980 3873 1040 3911 cum
1053 3872 1117 3908 corr.
1130 3851 1216 3920 θεητδις
1228 3855 1259 3909 Β.
1390 3914 1392 3918 .

373 3944 384 3977 ⁵
403 3944 446 3996 Sic
459 3944 526 3997 coni.
539 3944 657 4013 Vigerus.
670 3942 713 3995 Bo
726 3942 851 4012 λιμναζοι,
869 3944 934 3995 alter
945 3942 1035 4011 Vigeri
1047 3941 1102 3994 cod.
1115 3939 1255 4010 λιμνᾶζσισ,
1267 3938 1314 3992 FG
1325 3937 1422 4008 λιμενύι-

303 4033 355 4099 ζοι,
366 4029 423 4081 rell.
436 4026 552 4097 λιμνάζει.
565 4059 599 4067 -
611 4026 639 4079 δὲ
651 4045 701 4081 om.
714 4028 768 4081 All.
782 4058 815 4067 -
828 4028 888 4078 θεῶν
902 4029 968 4079 coni.
981 4027 1105 4096 Scaliger.
1117 4056 1151 4065 —
1164 4025 1283 4076 asistebat
1294 4024 1323 4079 F.

372 4115 384 4148 ⁶
403 4112 523 4164 δάσασθαι
534 4113 612 4177 AHV,
625 4112 749 4164 πάσασθαι
761 4130 800 4180 γρ.
814 4108 935 4164 δαίσασθαι
947 4112 973 4165 S.

372 4198 384 4233 ί
402 4197 530 4269 λαβρσϊσιν
540 4198 597 4262 All,
608 4216 647 4266 γρ.
655 4197 706 4251 SV.
719 4197 771 4249 Sed
780 4198 871 4249 lectius
881 4197 971 4267 λαρύς,
982 4195 1051 4266 quod
1061 4196 1091 4247 de
1103 4196 1181 4248 odore
1190 4194 1314 4246 adhibent
1321 4190 1420 4244 Mosch.

301 4285 327 4338 θ.
338 4284 385 4337 92ι
398 4281 475 4352 λαρδν
489 4281 592 4350 αύτμην,
605 4288 631 4333 et
639 4283 746 4351 Dionys.
757 4283 855 4351 perieg.
865 4282 915 4335 936
927 4282 1042 4347 κηύεσοα
1055 4279 1119 4341 θύυις
1132 4280 1181 4331 ’ύπο
1191 4278 1267 4349 λαρδν
1277 4271 1377 4327 ὄδωδεν.
1387 4304 1421 4315 -

301 4367 474 4438 ένιπρησαντες
485 4367 573 4419 Vossii
584 4383 684 4435 margo.
1364 4353 1368 4362 ¹

373 4453 384 4487 ⁸
402 4448 490 4522 ῥευστὰ
503 4451 590 4503 λσιπδν
605 4452 659 4504 ΑΗ.

372 4537 384 4572 ⁹
402 4535 498 4610 πέμπεο
510 4536 588 4601 AHV,
600 4554 639 4609 γρ.
653 4534 744 4605 πέμπω
756 4535 784 4590 S.
