3592 5400
814 550 905 590 mnan
927 552 969 593 ιιι.
1256 618 1259 623 .
1400 540 1460 603 181

406 702 563 779 Augustiu'.
590 709 657 778 post
683 703 770 761 verbu
795 704 942 780 descripta
967 705 1075 783 pergit:
1104 709 1162 780 „Et
1186 717 1254 785 post
1279 712 1365 770 haec:
1398 713 1464 786 „De

344 812 460 872 Christo
475 809 609 883 autem,“
633 813 742 889 iuquit,
765 814 1047 892 „interrogantibus‚
1069 817 1093 874 si
1110 824 1154 875 cst
1169 818 1267 890 Deus,
1289 815 1340 897 (ita
1363 825 1462 883 verbo·

343 934 426 983 tenus
447 925 629 1002 Augustinus
650 931 766 983 vertens
786 946 838 1001 pro
859 946 926 983 uurn
949 927 987 985 sit
1008 927 1078 985 deus
1100 922 1229 1007 scribit‚)
1250 931 1292 988 ait
1311 931 1461 993 Hecate:

342 1036 490 1112 Quoniam
505 1035 621 1111 quidem
637 1035 810 1095 immortalis
826 1036 925 1094 anima
938 1046 1007 1114 post
1022 1058 1126 1116 corpus
1144 1047 1178 1097 ut
1195 1040 1315 1112 incedit,
1333 1044 1423 1101 nosti:
1444 1065 1463 1104 a

340 1147 489 1224 sapientia
502 1154 599 1204 autem
615 1147 749 1205 abscissa
763 1165 879 1224 semper
900 1158 986 1208 errat.
1003 1149 1066 1207 Viri
1086 1151 1195 1226 pietate
1215 1153 1461 1227 praestantissimi

340 1267 384 1317 est
396 1258 450 1316 illa
461 1257 560 1316 anima
572 1249 610 1335 (ἀ,
623 1251 739 1334 adradis
752 1253 994 1341 προφερεστάτου
1007 1255 1085 1317 ἐστὶν
1098 1255 1221 1339 ἐκείνη),
1238 1264 1326 1321 hanc
1341 1266 1462 1323 colunt

340 1371 464 1427 aliena
481 1389 500 1425 a
519 1388 557 1427 se
579 1363 762 1426 veritate.“

402 1479 525 1538 Eusebii
547 1478 637 1537 codex
654 1478 809 1537 Parisinus
831 1481 891 1538 469
913 1481 1033 1539 membr.
1040 1526 1049 1553 ,
1070 1483 1120 1539 uni
1135 1484 1351 1543 Maurocordati
1371 1485 1460 1544 codici

340 1597 485 1648 vetustate
500 1592 657 1666 posterior,
674 1588 726 1646 sed
740 1588 806 1647 fons
822 1590 1014 1666 reiiquorum‚
1031 1595 1165 1667 praebet:

467 1693 595 1784 γνώσκει
611 1694 705 1781 coepit]
722 1693 922 1782 τετιμημένην
939 1699 1066 1758 suarim

468 1803 568 1892 ἀνέρος
583 1782 719 1886 εὐσεβείῆ
730 1804 972 1893 προφερεστάτοί
988 1807 1066 1869 ἐστὶν
1083 1807 1178 1878 ἐκείνη

466 1912 553 2004 ψυχή.

402 2033 496 2111 Vulgo
508 2025 682 2116 γιγνώσκεις
698 2027 785 2114 σοφίη
804 2023 1005 2113 τετιμημένος.
1025 2024 1119 2088 Ἀλλά
1130 2050 1166 2116 γε
1179 2023 1256 2116 ψυχὴ
1269 2028 1368 2117 ἀνέρος
1379 2033 1460 2093 ειὶσε.

337 2141 386 2224 βίη
402 2135 628 2226 προφερεστάτη
644 2137 722 2201 ἐστὶν
738 2136 858 2199 ἐκείνου.
880 2141 941 2201 Ubi
956 2162 1108 2219 perperam
1125 2145 1184 2201 iota
1196 2146 1274 2202 verbi
1287 2137 1386 2227 τιμάω
1399 2164 1459 2203 cor-

335 2257 458 2332 ripitur,
474 2247 510 2337 γέ
524 2260 592 2311 aute
609 2243 702 2341 iss⁰¹¹
717 2252 901 2330 producitur,
923 2245 1003 2310 ἀλλά
1019 2273 1084 2312 cum
1099 2247 1135 2338 γέ
1150 2255 1342 2333 coniungitur.
1373 2255 1459 2317 Gais-

335 2367 448 2425 tordius
463 2364 536 2422 edit:

441 2484 451 2496 “
466 2468 654 2560 γιγνώσκεις,
672 2469 773 2558 σοφίης
787 2466 960 2557 τετμημένη
977 2468 1038 2531 αἰὲν
1055 2473 1179 2531 ἀλάτοιι·

466 2579 566 2668 ἀνέρος
581 2581 698 2664 adsedit]
713 2577 955 2667 προφερεστάτου
971 2579 1049 2642 ἐστὶν
1065 2579 1161 2649 ἐκείνη

467 2685 554 2779 irti-

400 2807 469 2868 Non
486 2807 557 2865 vidit
572 2808 648 2867 hanc
662 2807 758 2883 ipsam
774 2807 930 2885 Augustini
944 2806 1037 2866 fuisse
1059 2808 1229 2878 lectionem,
1251 2808 1299 2884 qui
1320 2809 1460 2867 vocabula

337 2921 454 2981 Graeca
474 2918 598 2997 siugulis
619 2918 767 2976 vocabulis
787 2917 904 2976 Latinis
925 2918 1028 2976 reddit.
1064 2917 1120 2977 Sed
1141 2919 1285 2996 particula
1305 2912 1341 2976 ut
1361 2919 1386 2977 si
1408 2939 1459 2977 ne-

336 3051 394 3108 que
414 3031 452 3088 ab
473 3028 661 3107 grammatico
680 3029 805 3105 quodam
828 3030 1017 3107 interpolata,
1039 3049 1134 3106 neque
1156 3031 1276 3115 abkipso
1296 3031 1459 3108 Augustino

336 3141 500 3218 corrigendi
527 3158 616 3198 causa
641 3140 679 3196 ad
708 3142 844 3226 quoniam
874 3142 1024 3217 adscripta
1054 3149 1114 3211 est,
1147 3141 1195 3197 hic
1218 3141 1295 3198 male
1320 3135 1394 3221 σῶμ’
1421 3140 1460 3210 ὡς

337 3248 421 3336 προβ.
444 3251 524 3329 legit.
558 3251 721 3329 Augustino
747 3259 864 3309 auctore
889 3270 975 3326 porro
992 3257 1059 3326 post
1084 3245 1169 3331 φησίν
1189 3249 1283 3307 adieci
1303 3248 1322 3314 ἡ
1344 3240 1459 3315 Ἑκάτη

338 3369 367 3421 et
387 3382 452 3422 cum
469 3361 601 3420 Nauckio
615 3362 647 3418 in
670 3381 738 3419 aun.
756 3360 939 3437 antiquitatis
960 3379 986 3416 a.
1004 3359 1082 3417 1855
1100 3378 1130 3434 p.
1146 3360 1204 3416 119
1222 3343 1255 3415 δέ
1275 3358 1373 3416 addidi
1392 3367 1460 3434 post

339 3468 453 3556 σοφίης,
476 3491 535 3549 qua
555 3442 700 3548 particula
719 3470 862 3548 correptio
878 3471 976 3528 Attica
1001 3468 1046 3525 his
1069 3467 1194 3525 oraculis
1215 3468 1353 3525 solemnis
1375 3469 1459 3527 resti-

339 3585 438 3642 tuitur.
472 3581 544 3641 Cum
566 3584 666 3640 eodem
682 3581 815 3641 Nauckio
834 3588 974 3657 punctum
994 3579 1090 3636 minus
1110 3584 1177 3653 post
1198 3595 1273 3662 γιγν.
1294 3579 1388 3654 posui.
1424 3580 1459 3636 Iu

338 3694 460 3753 Eusebii
483 3693 564 3751 codd.
589 3693 784 3752 deterioribus
807 3681 886 3773 ψυχή
912 3681 948 3748 ex
973 3690 1056 3746 initio
1082 3708 1109 3746 v.
1136 3688 1232 3763 quarti
1260 3688 1291 3744 in
1318 3689 1405 3744 finem
1430 3707 1457 3745 v.

339 3804 460 3864 secundi
481 3797 553 3883 (sive
576 3804 668 3862 mavis
689 3803 720 3860 in
741 3803 857 3860 initium
879 3822 905 3859 v.
924 3794 1013 3877 tertii)
1035 3800 1207 3875 irrepserat:
1234 3806 1284 3856 aut
1305 3798 1344 3876 gl.
1365 3797 1459 3856 fuerat

339 3916 374 3973 ad
391 3912 511 3972 dictum.
534 3915 644 3973 Versus
660 3914 756 3989 quarti
772 3914 859 3970 finem
874 3911 1021 3970 Eusebius
1043 3909 1156 3980 omisit,
1174 3909 1354 3989 Augustinus
1375 3928 1458 3986 prae·

339 4027 416 4096 buit,
432 4026 481 4101 qui
496 4026 591 4102 potuit
606 4044 671 4082 esse

535 4126 627 4217 ψυχή·
641 4128 696 4199 τὴν
713 4117 746 4191 di
762 4128 872 4191 τίουσιν
888 4122 1028 4200 ἀληθείης
1043 4147 1109 4214 σφιν
1124 4125 1262 4200 ἀπούσης.

337 4250 374 4307 Α.
391 4246 542 4305 Nauckius
561 4245 714 4322 proposuit
738 4227 829 4309 ιη’νθε
858 4238 969 4300 τίουσιν
999 4236 1068 4311 ἑκάς
1097 4247 1178 4323 σφῶν
1208 4236 1291 4308 ὄντος
1320 4229 1458 4305 ἀληθοῦς.

339 4350 448 4440 Τέμνω
462 4376 510 4433 ap.
523 4356 697 4433 posteriores
713 4357 732 4412 i.
745 4374 774 4430 q.
788 4347 963 4437 ἀποτέμνει,
981 4374 1097 4432 separo:
1114 4354 1181 4410 inde
1195 4350 1360 4430 genetivum
1374 4348 1457 4427 regit,

339 4475 372 4526 ut
386 4487 477 4544 supra
491 4471 584 4532 στ’ῗςιο
598 4458 693 4523 πόθου
708 4486 761 4543 pro
777 4460 938 4531 ἀπόστητε.

404 4578 550 4640 Eusebius
565 4576 674 4657 pergit:
