3592 5400
339 503 401 567 216
748 523 992 566 Αυυιτκιιιιυτιίι
1013 525 1053 567 ιν.

339 679 468 739 tionibus
484 679 579 737 caveri
600 671 703 757 (Diog.
720 680 749 748 8,
767 679 816 750 20,
834 674 901 757 31).
936 681 964 737 A
979 677 1062 736 bonis
1078 678 1267 737 daemonibus
1288 671 1465 760 (animabus)

340 811 455 850 omnem
474 789 684 848 divinationem
701 789 846 866 proficisci
868 782 987 867 (ibid.);
1007 807 1133 864 namque
1151 789 1250 867 magui
1263 809 1282 848 a
1296 791 1467 870 Pythagora

339 902 470 961 habitam
490 919 556 960 esse
576 900 784 959 divinationem
804 917 892 975 quum
913 900 1016 970 aliam,
1043 907 1104 957 tum
1125 900 1250 977 petitam
1273 920 1309 958 ex
1330 903 1463 972 somniis,

341 1012 442 1072 Cicero
464 1012 591 1069 affirmat
611 1011 647 1068 de
666 1011 755 1070 divin.
775 1014 801 1080 1,
821 1013 849 1080 3,
866 1011 894 1068 5.
923 1011 1017 1081 2,58,
1038 1012 1107 1069 119.
1138 1011 1225 1086 Quod
1245 1019 1344 1069 tamen
1364 1012 1465 1071 adiicit

339 1124 505 1202 Diogenes,
525 1121 672 1198 placuisse
686 1122 885 1198 Pythagorae,
905 1139 993 1196 puras
1008 1122 1135 1191 animas,
1156 1121 1280 1180 simulac
1294 1123 1463 1199 corporibus

340 1235 482 1293 liberatae
497 1238 609 1303 esseut,
626 1210 758 1290 eum'deo
773 1231 865 1302 uniri,
888 1238 1001 1289 tantum
1016 1233 1102 1290 abest
1115 1240 1148 1289 ut
1163 1233 1414 1310 comphilosophi
1429 1234 1463 1292 de

339 1344 512 1422 migratione
528 1343 690 1401 animarum
705 1342 836 1401 doctrina
851 1343 1012 1420 conspiret,
1033 1351 1065 1401 ut
1079 1363 1098 1401 a
1111 1344 1305 1422 Pythagoreis
1320 1346 1462 1421 posterio-

341 1455 420 1513 ribus
436 1474 472 1512 ex
485 1455 609 1512 Platone
625 1454 748 1511 ascitum
762 1452 905 1511 videatur.

403 1564 446 1623 Ut
460 1565 552 1622 malos
568 1563 724 1622 daemones
739 1563 898 1640 acciperet,
915 1570 1139 1623 consentaneum
1153 1571 1229 1635 erat,
1245 1583 1335 1640 quum
1347 1567 1462 1625 animae

340 1674 497 1732 multorum
516 1673 664 1730 hominum
685 1674 815 1750 impurae
836 1681 936 1732 essent
954 1692 989 1731 ac
1007 1646 1171 1750 peruersae.
1203 1674 1303 1748 Quare
1317 1677 1370 1735 Pa.
1389 1676 1461 1735 Cha·

341 1784 447 1842 rondes
467 1803 513 1859 ap.
536 1781 618 1843 Stob.
639 1785 702 1842 flor.
723 1779 774 1857 44,
790 1787 830 1843 40
845 1784 866 1843 f.
882 1804 925 1843 ιιι
947 1778 1126 1853 ἀπαντώσης
1140 1777 1285 1868 νεμέσεως
1299 1780 1384 1869 παρὰ
1399 1771 1461 1845 δαι-

278 1881 279 1884 “
342 1887 440 1976 μόνων
456 1879 627 1962 ὲξοικιστῶν
642 1891 693 1951 καὶ
709 1887 905 1977 ἐχθροποιῶν,
921 1902 951 1952 et
964 1895 1120 1965 Zaleucus,
1138 1895 1188 1970 qui
1202 1895 1304 1967 fertm,
1320 1897 1351 1953 in
1367 1899 1461 1977 legum

340 2005 489 2081 prooemio
509 2005 579 2064 ibid.
601 2008 657 2076 44,
680 2007 734 2064 2οι
757 1999 808 2063 έάν
829 1989 863 2062 δέ
882 2023 927 2083 τῳ
948 2010 1087 2088 παραστῇ
1108 1989 1224 2089 δαίμων
1238 2001 1332 2077 κακός
1345 2001 1462 2091 τρέπων

340 2108 411 2196 πρός
426 2099 559 2191 ἀδικίαν,
577 2100 735 2198 διατρίβειν
750 2110 820 2198 πρός
835 2121 945 2185 ναοῖς..
961 2109 1135 2174 ἱκετεύοντα
1148 2112 1218 2186 τοὺς
1233 2108 1318 2186 θεοὺς
1333 2137 1462 2178 συναπο-

340 2217 458 2307 τρέπειν
472 2221 574 2291 αὐτόν.

404 2335 509 2412 Neque
524 2337 708 2413 discrepabat
723 2339 777 2394 hac
791 2337 821 2393 in
837 2357 868 2394 re
884 2339 1044 2397 communis
1060 2338 1171 2416 religio.
1198 2338 1285 2397 Multi
1301 2340 1381 2399 enim
1397 2343 1462 2401 dae·

341 2464 441 2505 mones
456 2447 527 2505 mali
539 2446 716 2507 Graecorum
731 2447 845 2505 animos
861 2449 1023 2519 terrebant,
1040 2451 1119 2508 velut
1132 2451 1219 2520 Acco,
1234 2450 1375 2526 Alphito,
1391 2454 1462 2511 Ern-

340 2574 429 2633 pusa,
444 2557 564 2629 Lamia,
585 2559 697 2616 Mormo
718 2558 780 2616 sive
800 2559 978 2636 Mormolyce
999 2552 1131 2637 (Becker
1144 2559 1291 2620 Chariclis
1313 2583 1343 2638 p.
1361 2565 1402 2623 34
1418 2582 1460 2639 sq.

341 2667 386 2726 ed.
404 2660 450 2747 l),
470 2669 554 2728 multi
570 2669 747 2728 solemnibus
763 2669 868 2728 annuis
885 2677 915 2728 et
929 2670 1021 2730 sacris
1037 2670 1108 2730 diris
1123 2672 1317 2749 placabantur
1336 2681 1366 2731 et
1382 2694 1461 2735 arer-

264 2759 267 2765 ¹
341 2781 552 2851 runcabantur,
568 2782 647 2839 velut
661 2781 691 2839 in
706 2797 812 2859 magna
823 2780 949 2841 Graecia
960 2801 1057 2840 annuo
1068 2782 1189 2860 virginis
1202 2783 1346 2843 sacrificio
1358 2786 1461 2846 Teme·

342 2905 431 2948 sanus
451 2890 591 2961 daemon,
615 2908 701 2966 quern
723 2892 818 2967 ipsum
838 2891 963 2951 hominis
985 2893 1091 2951 mortui
1112 2893 1238 2952 animam
1261 2914 1329 2955 esse
1350 2905 1461 2957 veteres

342 2998 498 3056 eredebant
513 2991 614 3077 (Pane.
632 3002 660 3070 6,
678 3002 705 3069 6,
723 2993 764 3074 7).

406 3107 480 3167 Cum
498 3110 666 3187 Pythagora
684 3110 897 3170 Heraclitus
917 3112 978 3171 fere
998 3113 1159 3189 consentit,
1179 3115 1225 3172 cui
1247 3098 1348 3175 ἐδόκει
1362 3112 1460 3177 πάντα

343 3206 444 3300 ψυχῶν
460 3210 600 3277 εἶναικαὶ
616 3204 765 3303 δαιμόνων
780 3215 879 3304 πλήρη
895 3215 994 3302 (Diog.
1007 3225 1062 3282 La.
1080 3227 1108 3295 9,
1127 3226 1155 3295 6,
1172 3218 1212 3303 7).

403 3331 548 3407 Apparet,
568 3331 632 3388 falli
652 3332 765 3403 doetoS,
789 3333 838 3407 qui
858 3335 896 3392 ab
911 3334 1128 3409 Empedocle
1148 3335 1263 3394 demum
1284 3339 1380 3399 malos
1397 3341 1459 3399 dae·

341 3458 442 3498 mones
456 3442 488 3497 in
503 3442 717 3519 philosophiam
731 3443 911 3502 introductos
926 3464 992 3503 esse
1006 3446 1192 3503 arbitrentur.
1221 3448 1251 3506 Is
1267 3466 1383 3525 quoque
1397 3453 1458 3509 dae·

341 3568 442 3608 mones
462 3552 574 3611 animas
597 3554 746 3611 hominum
768 3558 904 3631 putabat,
931 3563 1083 3631 separatas
1104 3576 1124 3614 a
1144 3556 1201 3615 diis
1221 3577 1275 3633 per
1294 3560 1353 3617 tria
1371 3563 1459 3619 millia

340 3677 480 3718 annorum
503 3654 597 3740 (Plnt.
620 3664 655 3722 de
676 3664 762 3722 exilio
785 3666 821 3723 17
838 3684 867 3739 p.
886 3667 944 3724 607
963 3659 1004 3743 c);
1024 3667 1166 3725 malorum
1181 3668 1333 3727 hominum
1349 3673 1457 3730 animas

341 3768 485 3829 diuturnis
501 3774 618 3849 pnrgari
633 3775 795 3851 suppliciia
825 3776 904 3834 Plut.
926 3776 962 3833 de
981 3776 1060 3834 Iside
1080 3779 1119 3836 26
1135 3798 1163 3853 p.
1182 3780 1240 3838 361
1259 3797 1290 3837 c:
1312 3767 1457 3865 Ἐμπεδ·

341 3874 414 3945 κλῆς
435 3862 538 3937 δὲκαὶ
561 3865 647 3951 δίκας
669 3880 739 3965 ρησὶ
761 3867 874 3942 διδόναι
894 3880 964 3954 τοὺς
985 3871 1127 3970 δαίμονας
1148 3876 1188 3945 ὧν
1204 3874 1397 3974 ἐξαμάρτωσι
1412 3887 1456 3950 καὶ

340 3982 606 4069 πλημμελήσωσιν·

467 4089 594 4180 αἰθέριον
610 4094 663 4183 μὲν
678 4096 734 4186 γάρ
751 4120 805 4186 σρε
818 4099 905 4187 μένος
917 4091 1063 4165 πόντονδε
1079 4092 1194 4185 διώκει,

466 4202 574 4278 πόντος
588 4193 614 4267 δ’
630 4207 659 4280 ές
673 4205 776 4294 χθονός
792 4200 883 4284 οὖδας
898 4210 1064 4294 ἀπέπτυσε,
1081 4224 1154 4302 γαῖα
1170 4204 1195 4276 δ’
1210 4216 1239 4289 ἐς
1254 4218 1351 4307 αὐγάς

468 4316 570 4384 ἠελίου
587 4315 774 4405 ἀκάμαντος,
791 4322 807 4380 ὁ
824 4309 848 4380 δ’
864 4318 979 4408 αἰθέρος
994 4325 1108 4410 ἔμβαλε
1124 4313 1226 4399 δίναις·

467 4422 558 4499 ἀλλος
574 4417 598 4489 δ’
614 4418 646 4501 ἐξ
662 4426 756 4489 ἀλλου
772 4416 908 4515 δέχεται,
925 4431 1082 4522 στυγέουσι
1098 4423 1132 4498 δὲ
1146 4434 1269 4518 πάντες,

341 4526 421 4618 ἄχρις
441 4526 474 4594 οὗ
495 4535 691 4616 κολασθέντες
711 4537 790 4602 οὕτω
811 4539 861 4603 καὶ
882 4539 1080 4630 καθαρθέντες
1100 4538 1182 4622 αὖθις
1199 4547 1256 4619 τήν
1276 4548 1451 4638 accolebant
