3592 5400
402 492 462 555 130
726 536 731 549 ι
893 508 984 549 maura
1004 508 1024 549 1.

401 658 502 732 θόντες
525 658 570 720 οἱ1
592 653 741 744 ἄνθρωποι
763 653 857 728 οὕτως
879 654 988 726 αὐτοὺς
1010 652 1161 739 ἐτίμησαν.
1183 653 1306 713 πολλῶν
1329 639 1355 712 δ’
1368 649 1482 727 ὄντων,
1505 653 1525 711 ἃ

400 767 516 832 τούτων
532 768 594 830 ἐστὶ
608 763 846 853 παραστατικοίῖ,
863 764 951 852 ὀλίγα
966 767 1000 825 ἐκ
1012 771 1074 825 τῶν
1084 765 1206 824 πολλῶν
1217 757 1433 848 παραθήσομεν
1439 758 1461 836 ³,
1477 761 1525 821 ἵνα

402 880 442 967 μὴ
458 877 627 966 ἀμάρτυρον
642 875 696 938 τδν
710 875 802 963 λόγον
817 874 1049 960 καταλείπωμεν
1055 872 1076 934 ⁴.

468 987 508 1038 Pr.
522 1002 560 1037 ev.
572 986 603 1038 V.
620 985 648 1035 ll
660 1001 686 1053 p.
697 983 747 1034 200
757 983 780 1034 b.
800 979 858 1032 ’Ότι
876 980 903 1032 δὲ
920 980 960 1031 καὶ
976 979 1006 1031 τὰ
1019 977 1167 1049 οἰγοίλματα5
1180 978 1250 1029 αὐτοὶ
1268 977 1385 1029 ὑπέθεντο
1403 979 1456 1037 πῶς
1474 976 1522 1046 χρὴ

402 1082 477 1130 ποιεῖν
490 1078 531 1128 καὶ
543 1076 587 1128 ἕκῦ
600 1076 670 1135 ποίας
683 1075 756 1142 tior,
770 1072 876 1140 δηλώσει
889 1071 919 1125 τδι
931 1077 973 1139 τῆς
986 1069 1090 1137 Ἑκάτης
1103 1068 1193 1140 ἔχοντα
1205 1075 1293 1122 τοῦτον
1306 1070 1348 1121 τδν
1361 1073 1455 1140 τρόπον
1464 1071 1482 1119 ⁷.

458 1162 1144 1210 r’*e‘r1..¹r
1286 1157 1383 1189 'r'

435 1181 483 1237 70.
533 1170 622 1235 Αλλα
654 1174 736 1233 τελει
752 1189 870 1249 ςοανον,
886 1167 1108 1256 κεκαθαρμενον
1124 1192 1163 1240 ως
1178 1189 1211 1229 σε
1228 1156 1354 1240 libror.

529 1280 686 1370 πηγάνου9
701 1272 734 1354 ἐξ
749 1281 861 1368 ἀγρίου
878 1269 1033 1367 δέσμας10
1048 1279 1139 1355 ποίει,
1154 1266 1201 1346 ἠδ’
1214 1276 1370 1363 ἐπικόσμει

530 1384 647 1473 ζῴοισιν
663 1389 839 1466 λεπτοῖσιῙῙ,
855 1378 1047 1462 κατοικιδίοις
1062 1385 1304 1470 καλαβώταιςῑῖ.

531 1499 656 1589 σμύρνης
671 1501 722 1562 καὶ
737 1497 881 1586 στύρακος
896 1497 1029 1580 λιβανοιὸ
1045 1520 1080 1560 τε
1097 1498 1235 1586 μίγματα
1249 1491 1354 1583 τρίψας

532 1611 583 1672 σὺν
598 1610 701 1684 κείνοις
717 1600 802 1692 ζῴοις
809 1609 842 1685 ¹³,
857 1609 908 1671 καὶ
923 1605 1148 1695 ιἰπαιθριοίσας13
1164 1607 1222 1669 ὑπδ
1239 1606 1333 1694 μήνην

474 1810 482 1844 ¹
504 1809 525 1861 ol
538 1810 656 1865 om.AH.

474 1895 485 1928 ²
503 1895 574 1958 Quae
586 1895 673 1948 afferri
684 1895 787 1965 possint
798 1895 831 1947 ad
842 1895 908 1981 illud
920 1894 1159 1947 demonstrandum.

473 1979 484 2014 ³
502 1980 695 2050 παραθησόμεθα
706 1981 760 2034 ΑΗ.
915 1980 926 2012 ⁴
945 1979 988 2032 sic
1000 1980 1035 2042 A,
1048 1977 1222 2046 καταλίπωμεν
1234 1977 1290 2029 rell.

474 2064 484 2097 ⁵
502 2065 565 2117 Post
576 2062 710 2134 ἀγάλματα
721 2066 801 2134 uulgo
815 2067 926 2134 μαγικῶς
938 2065 1068 2116 inseritur.
1093 2062 1187 2114 Omisit
1197 2067 1300 2127 tacens,
1318 2062 1408 2131 itaque
1426 2061 1521 2116 codices

406 2167 467 2202 suos
480 2155 599 2213 secutur,
613 2149 784 2202 Gaisiordius.

474 2235 486 2268 θ
503 2233 573 2284 αὐτοὶ
586 2231 771 2293 κατασκευάζειν
785 2230 852 2292 ὅπως
865 2232 980 2284 ὑπέθεντο
993 2233 1033 2284 καλ.
1046 2230 1070 2283 ἐν
1082 2231 1185 2296 Bere,
1199 2228 1386 2292 κατασκευάζειν
1398 2232 1430 2287 D.

474 2317 484 2350 ί
504 2317 582 2377 οίίτως
596 2314 721 2386 φάσκοντα
732 2335 779 2388 pro
804 2315 841 2387 ἔγ.
855 2335 876 2368 τ,
890 2336 911 2368 τ.
925 2335 962 2386 τρ.
975 2317 1097 2372 BGDFG.

475 2402 485 2436 ⁸
504 2400 533 2452 cb
553 2402 579 2452 δὲ
594 2420 642 2472 pro
661 2398 726 2452 ἀλλὰ
741 2403 810 2455 male
828 2401 935 2472 Niceph.
950 2401 1081 2472 Gregoras
1099 2403 1132 2454 ad
1144 2402 1286 2470 Synesium
1302 2419 1328 2471 p.
1338 2401 1388 2455 361
1406 2403 1447 2458 erl.
1463 2403 1521 2464 Pet,

406 2486 451 2540 ubi
464 2504 512 2539 sex
524 2504 614 2540 versus
626 2505 709 2557 usque
722 2486 754 2538 ad
767 2486 841 2556 εὐχήν
854 2487 937 2539 affert.
957 2486 1052 2539 Omisit
1062 2486 1155 2556 Porph.
1170 2503 1213 2550 ea,
1226 2503 1294 2555 quae
1307 2493 1368 2539 ante
1377 2485 1444 2538 ἄλλοί
1454 2504 1522 2558 prae·

407 2579 546 2626 cesserant.
563 2573 709 2625 Sententia:
720 2589 842 2625 consecra
852 2572 1021 2625 simulacrum
1031 2588 1065 2624 ex
1073 2588 1132 2624 meo
1141 2576 1280 2641 praecepto
1290 2572 1440 2625 lustratum.
1454 2572 1522 2625 Nice·

406 2658 503 2729 pharus
515 2659 660 2728 praefatur:
678 2656 723 2709 οὐκ
742 2655 877 2728 ὀκνήσομεν
896 2655 1038 2718 ἕξοιπλῶσαι
1055 2661 1169 2709 ταῦτα..
1183 2653 1209 2707 ἔκ
1227 2673 1252 2707 τε
1268 2659 1392 2727 χρησμῶν
1411 2654 1522 2718 συλλεξά-

408 2761 474 2812 μενοι
494 2743 641 2794 Χαλδαϊκῶν
663 2743 844 2812 παραγγελιῶν.
877 2743 929 2795 Ubi
944 2743 990 2794 καί
1007 2743 1174 2796 inserendum
1191 2748 1252 2795 ante
1269 2741 1348 2794 Χαλδ.
1384 2744 1524 2812 Distinguil

407 2826 513 2897 Nicoph.
528 2830 632 2879 oracula
644 2844 658 2879 a
671 2827 747 2878 dietis
761 2826 918 2891 Chaldaicis,
936 2833 965 2879 ut
976 2845 1024 2897 par
1036 2835 1103 2892 erat;
1121 2843 1199 2897 quare
1210 2833 1271 2896 post
1283 2826 1359 2896 εὐχήν
1371 2830 1470 2898 pergit:
1488 2827 1523 2878 καὶ

407 2915 485 2962 ταῦτα
498 2910 540 2981 μὲν
553 2909 579 2961 ἐκ
591 2913 641 2962 τῶν
653 2914 788 2981 χρησμῶν
808 2910 830 2961 ol
842 2910 868 2963 δὲ
880 2912 1002 2963 Χαλδαῖοι
1015 2953 1020 2963 .
1032 2953 1037 2963 .
1051 2913 1096 2965 ubi
1109 2913 1226 2982 sequitur
1237 2912 1291 2964 iam
1304 2914 1442 2965 oraculum
1455 2912 1523 2966 Chal-

408 2995 519 3048 (laicum.

476 3080 487 3113 ⁹
505 3079 567 3133 (lod.
581 3076 741 3149 Απαγὰνοο,
753 3080 799 3132 sed
811 3100 825 3145 η
838 3098 917 3150 supra
928 3084 1000 3152 prius
1013 3101 1042 3151 ας
1055 3082 1076 3135 Β
1091 3080 1210 3148 πηλοίνου.

465 3163 488 3197 ¹⁰
506 3163 550 3216 Sic
562 3165 629 3218 coni.
642 3164 759 3233 Scaliger
770 3182 817 3234 pro
830 3164 926 3235 ἀγρίοιο
938 3167 1025 3237 δέμας,
1038 3168 1084 3219 ubi
1096 3168 1175 3236 δήμος
1186 3167 1241 3236 All.
1270 3166 1330 3221 Non
1342 3166 1431 3222 solum
1443 3166 1523 3238 δεομή,

408 3247 453 3303 sed
466 3250 545 3301 etiam
558 3248 635 3322 δέσμῃ
648 3249 816 3303 scribebatur.
842 3250 1000 3321 Porphyrius
1012 3253 1099 3321 putari
1111 3251 1185 3321 δέμας
1197 3253 1294 3321 legisse
1305 3242 1411 3322 posset,
1424 3259 1524 3323 propter

406 3334 513 3387 Eusebii
522 3336 601 3387 verba
611 3332 637 3385 ἐκ
647 3334 718 3395 ποίας
727 3334 800 3401 blac:
811 3336 857 3387 sed
865 3334 930 3389 haec
940 3337 1067 3405 pertinere
1076 3337 1195 3389 videntur
1204 3336 1237 3389 ad
1244 3338 1375 3389 oraculum
1383 3340 1525 3407 paulopost

408 3435 519 3488 sequens
531 3419 546 3484 ἢ
560 3418 661 3490 Παρίοιο
674 3420 742 3471 λίθου
755 3422 769 3486 ἢ
784 3420 895 3481 abituro-o
909 3419 1053 3490 ἐλέφαντος,
1072 3422 1104 3473 ad
1115 3422 1187 3491 prius
1200 3428 1288 3474 antem
1300 3424 1438 3475 oraculum
1450 3424 1525 3475 verba

408 3506 460 3563 πῶς
473 3503 521 3573 χρὴ
535 3508 618 3555 ποιεῖν.
641 3504 736 3557 Fasces
752 3512 826 3558 rutae
843 3506 982 3570 silvestria
1001 3506 1094 3559 additis
1112 3508 1195 3559 tribus
1214 3507 1393 3571 stellionibus,
1410 3514 1437 3559 et
1453 3506 1525 3559 thura

407 3594 531 3654 teruntor,
544 3590 641 3658 inquit,
658 3591 718 3641 trita
731 3597 894 3658 unguentum
907 3597 1092 3659 componuuto,
1109 3607 1160 3660 quo
1178 3592 1347 3643 simulacrum
1358 3593 1465 3644 linatur.
1490 3591 1525 3643 De

408 3690 459 3743 qua
471 3676 654 3743 superstitione
666 3677 742 3744 plura
753 3676 781 3727 in
793 3676 984 3739 additamento,
997 3677 1042 3727 ubi
1055 3676 1085 3727 de
1098 3677 1191 3728 statuis
1205 3676 1389 3729 consecrandis
1402 3694 1488 3746 agam.

465 3760 486 3793 ¹¹
505 3759 552 3812 Hic
564 3759 678 3811 incisum
689 3761 773 3830 posui.
787 3760 927 3813 Stellioues
939 3778 993 3813 non
1005 3761 1071 3825 vivi,
1084 3760 1142 3826 sed,
1153 3766 1183 3813 ut
1192 3763 1271 3831 paulo
1281 3767 1343 3830 post
1351 3762 1445 3816 eodem
1454 3778 1525 3815 voca-

407 3844 482 3906 bulo,
496 3844 619 3896 animalia
631 3844 759 3898 (licuntur.

466 3926 489 3960 ¹¹
508 3926 550 3977 Sic
563 3927 675 3979 Meinck.
688 3928 721 3979 acl
733 3930 764 3981 fr.
777 3946 843 3983 coru.
859 3930 903 3983 Gr.
916 3930 932 3982 4
944 3948 969 4000 p.
982 3930 1030 3983 124
1041 3946 1088 4001 pro
1101 3928 1280 4000 σκαλοβώτοιις.
1310 3931 1392 3985 Recte
1404 3934 1458 3986 iam
1470 3933 1525 3985 Ser·

408 4010 494 4062 vatius
509 4010 630 4062 Gallaeus
649 4011 682 4063 ad
698 4030 780 4068 orare.
798 4016 906 4067 metrica
918 4033 942 4084 p.
952 4015 986 4067 50
997 4023 1058 4085 post
1070 4033 1152 4068 oracc.
1166 4016 1296 4084 Sibyllina
1307 4018 1417 4070 Amstel.
1429 4036 1452 4071 a
1465 4017 1525 4070 1089

409 4094 478 4148 ch.4
496 4094 565 4146 edita
582 4096 723 4161 intellexit,
742 4102 787 4149 aut
803 4097 951 4166 καλαβώτην
969 4107 1014 4152 aut
1031 4097 1211 4168 ἀσκαλαβώτην
1226 4101 1289 4165 dici,
1306 4119 1361 4155 nou
1376 4104 1450 4155 σκαλ.
1485 4103 1525 4155 Sic

409 4197 519 4250 gramm.
532 4179 644 4232 Bekkeri
656 4182 744 4233 anecd.
756 4201 782 4251 p.
792 4183 855 4234 452:
867 4183 946 4235 Attici
958 4183 1146 4253 ἁσκαλαβώτην,
1160 4184 1217 4255 οὐχὶ
1230 4185 1379 4254 καλαβώτην
1391 4187 1500 4256 λέγουσι.

466 4265 489 4298 ¹³
509 4266 594 4335 ζῴοισι
611 4266 684 4317 codd.
702 4271 728 4317 at
743 4266 863 4335 Niceph.,
885 4273 940 4319 tuni
958 4266 1072 4338 ἀθροίσας
1088 4271 1147 4335 ΑΠ,
1170 4270 1210 4320 καὶ
1228 4269 1387 4341 ὑπαιθρίασας
1405 4272 1525 4335 BODFG,

409 4350 1525 4424 Vossiimargo.Sensus:postquampernoctavistisubdivoadconquirendaslacertas

410 4439 436 4485 ct
447 4442 532 4487 rutam
545 4436 613 4488 etad
627 4442 791 4505 unguentum
801 4436 998 4490 conficiendum.
1017 4439 1150 4493 Nocturna
1158 4456 1243 4504 sacra,
1259 4441 1321 4509 quia
1329 4442 1379 4494 dea
1388 4449 1525 4504 noctuma;

411 4518 467 4571 Soli
482 4525 596 4574 statuam
613 4523 694 4574 sacris
711 4521 810 4574 diurnis
828 4521 939 4575 dedicari
951 4524 991 4577 Ps.
1005 4523 1124 4593 Orpheus
1142 4526 1214 4579 iubet
1229 4542 1271 4594 ap.
1282 4525 1349 4581 Lob.
1360 4528 1422 4596 Agl.
1435 4546 1460 4597 p.
1470 4527 1524 4579 727.
