3592 5400
400 497 441 560 30
607 516 711 580 ‘orror
724 518 755 559 11.
779 516 820 558 os
835 517 991 560 alanorum
1005 516 1115 558 roura.
1132 516 1288 560 rumora.

399 672 498 731 risset.
527 675 625 747 Atque
639 672 729 729 multo
744 671 833 733 altius
848 670 902 728 illa
915 670 946 728 in
960 671 1164 748 philosophiae
1184 689 1318 730 recessus
1338 671 1519 730 descendunt

399 800 485 856 quam
500 783 616 839 deorum
632 782 750 840 oracula
763 801 782 839 a
795 781 959 858 Porphyrio
974 782 1133 858 explicata3
1156 782 1209 839 illa
1224 783 1331 839 multas
1346 801 1394 840 res
1411 783 1519 840 tollunt

399 899 428 949 et
442 892 595 963 damnant,
611 911 684 967 quas
699 894 772 950 haec
786 890 958 968 praedicant
972 899 1060 967 atque
1070 892 1268 969 praecipiunt,
1285 893 1409 968 exempli
1421 894 1520 970 gratia

398 1003 550 1061 sacrificia.

460 1115 560 1173 Libris
576 1115 612 1172 de
626 1113 748 1171 materia
762 1114 939 1188 posteriores
955 1114 1044 1171 etiam
1059 1113 1129 1172 libri
1143 1114 1180 1171 de
1194 1131 1311 1172 recessu
1326 1114 1442 1172 animae
1456 1114 1519 1173 sue·

397 1233 480 1296 runt,
502 1245 537 1283 ex
557 1225 662 1300 quibus
683 1232 836 1299 excerptae
855 1223 981 1282 fortasse
996 1230 1064 1282 sunt
1078 1219 1211 1307 ἀφορμαὶ
1224 1218 1297 1306 πρὸς
1310 1217 1352 1281 τὰ
1366 1218 1462 1290 νοητά
1480 1226 1518 1284 ab

396 1335 553 1395 Holstenio
569 1335 679 1406 editae,
703 1334 921 1409 quumlanimae
941 1335 1144 1403 liberationem
1159 1334 1315 1392 secundum
1331 1335 1518 1394 Plotinianae

396 1445 546 1504 doctrinae
557 1446 698 1505 rationem
710 1452 870 1521 exponant,
886 1445 963 1504 sicut
974 1446 1042 1503 libri
1052 1446 1090 1504 de
1101 1463 1251 1522 regressu,
1264 1452 1341 1504 teste
1351 1446 1517 1523 Augustino

397 1557 451 1612 civ.
464 1555 511 1613 dei
526 1557 574 1613 10.
590 1557 638 1613 19.
651 1556 685 1614 aa
707 1556 807 1614 multis
828 1555 906 1612 enim
920 1555 959 1613 ibi
976 1555 1157 1632 Porphyrius
1172 1573 1277 1631 corpus
1291 1554 1353 1632 fugi
1367 1556 1462 1627 iubet,
1485 1564 1517 1614 ut

397 1667 495 1723 anima
514 1667 609 1742 possit
628 1668 715 1724 beata
735 1684 853 1723 manere
873 1673 903 1723 ct
923 1685 988 1723 oum
1007 1666 1061 1724 deo
1081 1665 1243 1724 coniuncta.
1270 1666 1428 1743 Augustin.
1445 1667 1515 1725 ibid.

400 1777 512 1835 losa.
528 1780 560 1835 1:
583 1818 636 1850 ,,..
658 1776 730 1835 dicit
748 1776 931 1852 Porphyrius
950 1775 981 1832 in
1002 1774 1096 1852 primo
1115 1775 1197 1833 iuxta
1215 1777 1304 1834 finem
1324 1776 1360 1833 dc
1381 1795 1517 1854 regressu

397 1887 512 1944 animae
526 1887 615 1957 libro,
635 1886 763 1946 nondum
783 1893 931 1962 receptam
945 1904 1011 1944 esse
1026 1904 1114 1943 unam
1128 1887 1274 1960 quandam
1293 1893 1419 1957 sectam,
1442 1907 1516 1962 quae

397 1997 591 2056 universalem
612 1997 761 2055 contineat
781 1997 860 2054 viam
881 1995 996 2055 animae
1018 1995 1202 2066 liberandae,
1224 1997 1272 2055 vel
1293 2015 1312 2053 a
1331 1998 1517 2074 philosophia

397 2107 549 2166 verissima
563 2107 676 2182 aliqua,
698 2108 744 2166 vel
759 2109 796 2165 ab
810 2106 949 2164 Indorum
963 2107 1091 2165 moribus
1107 2126 1142 2166 ac
1156 2107 1327 2183 disciplina,
1347 2115 1401 2164 aut
1416 2108 1516 2184 iuduc-

396 2219 476 2277 tione
489 2216 716 2287 Chaldaeorum,
731 2224 782 2275 aut
796 2217 856 2274 alia
870 2216 1000 2291 qualibet
1012 2217 1074 2293 via,
1090 2217 1275 2292 nondumque
1293 2217 1323 2275 in
1342 2236 1427 2276 suam
1443 2218 1516 2276 noti-

397 2329 468 2386 tiam
490 2328 611 2385 eandem
628 2327 704 2384 viam
726 2327 871 2385 historiali
888 2327 1055 2404 cognitione
1075 2325 1248 2403 perlatam.“
1266 2328 1363 2386 'Addit
1379 2328 1517 2405 Augusti·

397 2457 469 2497 nus:
488 2438 605 2513 ,utique
620 2457 654 2496 se
668 2457 686 2494 a
697 2437 855 2497 Chaldaeis
870 2438 971 2495 diviua
986 2438 1102 2495 oracula
1116 2438 1292 2513 sumpsisse,
1308 2421 1430 2513 quorum
1442 2439 1516 2497 assi-

396 2550 482 2607 duam
498 2536 800 2608 commemorationem
815 2547 900 2619 facit,
922 2556 1020 2606 tacere
1035 2567 1093 2606 non
1108 2545 1236 2624 potuit,“
1261 2548 1281 2605 i.
1293 2568 1319 2606 e.
1335 2548 1365 2605 in
1380 2548 1466 2607 libris
1481 2549 1516 2606 de

395 2661 526 2720 materia.
559 2658 701 2720 Solebant
720 2659 798 2718 enim
818 2659 961 2719 ecclesiae
976 2660 1135 2736 scriptores
1149 2645 1327 2735 Porphyrio,
1348 2658 1516 2719 adversario

395 2773 550 2842 acerrimo,
574 2771 740 2847 opinionum
762 2770 990 2830 inconstantiam
1011 2770 1054 2827 ita
1075 2770 1263 2846 exprobrare,
1286 2777 1319 2827 ut
1339 2770 1430 2828 alium
1454 2771 1516 2829 eius

395 2882 501 2939 librum
516 2900 552 2938 ex
566 2880 624 2938 alio
640 2881 816 2939 refellerent.

459 2990 670 3065 ltaqueaenuit
683 2990 864 3067 Porphyrius
880 2990 1006 3067 primum
1021 2992 1138 3049 oracula
1152 2998 1181 3048 et
1196 2991 1366 3067 explicavit,
1388 2992 1471 3049 nulla
1485 3011 1516 3049 re

396 3101 578 3160 extrinsecus
595 3089 702 3171 ascita3
723 3109 784 3159 tum
804 3101 835 3158 in
855 3101 939 3159 libris
957 3101 995 3159 ‘de
1009 3102 1133 3159 materia
1152 3101 1190 3158 ad
1209 3101 1413 3179 philosophica
1428 3101 1514 3161 Chal·

395 3213 532 3271 daeorum
547 3212 664 3270 oracula
678 3212 810 3283 transiit3
833 3218 980 3289 postremo
1001 3212 1031 3269 in
1054 3189 1141 3270 libris
1152 3212 1189 3269 de
1209 3230 1343 3289 regressu
1358 3213 1432 3270 haec
1446 3231 1515 3288 quo·

395 3341 452 3398 que
466 3323 586 3393 abiecit,
601 3323 753 3381 veritatem
768 3322 799 3379 iu
815 3322 852 3380 iis
866 3323 978 3380 frustra
992 3342 1024 3381 se
1039 3322 1220 3397 quaesivisse
1235 3321 1396 3381 confessus.
1465 3362 1467 3365 -

317 3482 321 3496 .
418 3436 420 3439 ⁴
459 3433 602 3495 Similiter
620 3434 682 3493 eius
702 3434 738 3492 de
753 3433 810 3492 diis
824 3434 934 3509 placita
954 3451 1020 3491 sese
1040 3433 1196 3509 excipiunt.
1224 3435 1259 3491 Iu
1279 3432 1364 3489 libris
1385 3434 1465 3490 enim
1479 3433 1515 3492 de

395 3546 575 3603 oraculorum
590 3545 776 3622 philosophia
791 3564 849 3602 non
865 3544 980 3604 dubitat
993 3543 1063 3617 quin
1078 3543 1117 3600 dii
1134 3542 1209 3601 tales
1224 3543 1298 3611 sint,
1320 3544 1424 3616 quales
1439 3562 1515 3601 com·

394 3656 491 3715 munis
510 3661 640 3713 veterum
660 3656 761 3743 religio
783 3674 848 3713 csse
869 3653 1030 3712 tradiderit.
1058 3635 1125 3712 Uno
1145 3660 1259 3710 tantum
1279 3653 1342 3710 loco
1362 3654 1515 3729 physicam

393 3766 664 3843 interpretationem
683 3765 830 3836 adhibuit,
852 3786 900 3842 ap.
918 3766 1027 3823 Euseb.
1045 3783 1145 3840 praep.
1163 3782 1265 3841 evang.
1285 3762 1334 3822 IV.
1353 3764 1392 3821 22
1409 3784 1441 3840 p.
1457 3765 1515 3822 174

394 3876 459 3953 Vig.
484 3868 615 3941 Μήποτε
631 3864 713 3932 οὗτοί
728 3875 798 3932 εἰσιν
815 3869 845 3953 (i.
859 3895 884 3934 e,
901 3876 970 3933 mali
986 3867 1169 3952 daemones),
1186 3862 1227 3930 ὧν
1242 3866 1326 3956 ἄρχει
1340 3871 1356 3929 ὁ
1372 3866 1515 3955 Σάραπις,

394 3981 445 4050 καὶ
459 3978 577 4042 τούτων
594 3978 743 4067 σύμβολον
759 3983 774 4041 ὀ
789 3980 942 4068 τρίκρανος
961 3978 1055 4057 κύων,
1074 3980 1230 4041 τουτέστιν
1250 3982 1267 4040 ὁ
1287 3982 1318 4041 ἐν
1336 3980 1414 4066 τρισὶ
1434 3991 1516 4042 στοί-

394 4091 494 4177 χείοις,
515 4079 617 4167 ὕδατι,
638 4099 692 4178 γῇ,
714 4088 790 4177 ἀέρι,
815 4091 941 4178 πονηρὰς
960 4080 1075 4179 δαίμων
1094 4138 1119 4151 ..
1139 4083 1246 4177 Ἄρχει
1267 4078 1292 4151 d'
1306 4091 1406 4151 αὐτῶν
1427 4091 1479 4151 καὶ
1496 4092 1515 4158 ri

394 4196 524 4276 Ἑκάτη,
546 4203 585 4273 ὡς
605 4198 767 4286 συνέχουσα
788 4200 825 4261 τὸ
845 4201 1018 4287 τρίστοιχον.
1047 4207 1149 4279 Itaque
1164 4203 1324 4263 Cerberum
1344 4205 1462 4279 quidem
1484 4224 1515 4261 re

393 4335 461 4401 vera
475 4322 574 4374 extare
589 4334 648 4372 non
663 4315 794 4373 credidit.
826 4315 912 4389 Quod
927 4322 1025 4372 tamen
1041 4316 1070 4372 in
1087 4322 1215 4373 monstro
1230 4332 1319 4373 ausus
1335 4322 1395 4386 est,
1410 4314 1442 4372 in
1458 4315 1515 4372 diis

394 4434 463 4483 tunc
482 4447 540 4484 non
559 4426 693 4485 audebat.
725 4424 828 4500 Neque
849 4425 925 4483 enim
940 4425 1071 4484 Hecatae
1090 4425 1272 4510 diuinitatem
1294 4425 1336 4483 ibi
1357 4425 1436 4483 tollit
1456 4426 1530 4512 for·-

393 4556 505 4594 mamve
527 4537 663 4595 traditam
685 4538 715 4592 in
739 4537 949 4594 dubitationem
970 4546 1069 4605 vocat,
1093 4537 1144 4594 sed
1167 4538 1229 4594 eius
1251 4536 1406 4612 imperium
1428 4536 1513 4593 modo
