3592 5400
393 524 432 589 16
551 548 554 554 “
611 542 707 586 curer
723 542 756 586 11.
778 541 821 583 uu
835 539 993 586 umuouuu
1007 539 1118 585 roura.
1134 538 1288 585 tumeas.

391 700 529 762 Platonis
540 700 687 757 narrabat.
709 697 833 757 Librum
844 696 875 754 H
889 696 926 753 de
937 696 1115 771 Empedocle
1127 696 1223 774 egisse
1233 696 1386 754 Parisotus
1398 696 1516 754 coniicit

391 803 429 861 de
443 803 552 878 Porph.
574 795 657 877 p.'70
674 800 738 858 coll.
757 796 848 858 Suida
868 817 891 858 s.
908 793 1114 873 Empedocle¹.
1147 798 1323 872 Priusquam
1343 798 1380 855 ad
1402 798 1516 874 reliqua

390 903 547 980 Porphyrii
573 902 670 960 studia
695 909 894 970 transeamus,
927 919 975 970 ee,
1007 891 1135 974 quaein
1157 898 1317 957 Homerum
1347 901 1513 970 contulerit,

390 1005 543 1063 tractanda
563 1011 641 1064 sunt.
674 1002 710 1062 In
729 1003 776 1062 his
796 1007 1117 1079 quoquepreeeuutem
1138 1001 1241 1059 babuit
1258 991 1441 1079 Longinum,
1463 1003 1515 1078 qui

391 1105 482 1166 Suida
512 1114 586 1165 teste
612 1099 796 1187 ἀπορήματα
823 1095 959 1186 Ὀμήρου
991 1103 1053 1161 slve
1077 1096 1280 1184 προβλήματα
1301 1093 1437 1186 Ὀμήρου
1463 1099 1515 1160 καὶ

389 1201 487 1277 λύσεις
509 1205 539 1265 ἐν
561 1201 682 1284 βιβλίοις
708 1193 734 1282 β’
756 1198 908 1282 scripsit²‚
934 1204 1101 1263 scholiastis
1127 1203 1250 1278 testibus
1276 1222 1394 1280 operam
1417 1223 1514 1282 gram·

296 1346 301 1357 -
390 1309 490 1367 malici
514 1310 546 1366 in
565 1315 666 1384 poeta,
692 1307 857 1392 Aristarchi
879 1306 1004 1384 vestigia
1028 1322 1179 1382 premens,
1207 1301 1385 1363 collocavit³.
1423 1308 1514 1365 Pme-

391 1411 516 1487 eeptouis
546 1410 577 1466 in
605 1409 722 1467 modurn
750 1408 933 1486 Porphyrius
961 1407 1120 1466 Homerum
1149 1407 1339 1486 grammatice
1371 1408 1513 1484 iuterpre-

389 1519 468 1572 tatus
495 1517 554 1582 est,
582 1511 624 1568 ita
646 1517 678 1569 ut
698 1529 752 1587 per
773 1517 865 1569 totam
885 1510 1007 1568 Iliadem
1029 1516 1059 1567 et
1081 1507 1246 1585 Odysseam
1266 1516 1296 1567 et
1310 1509 1451 1569 vocabula
1465 1529 1513 1568 ex·

390 1674 422 1727 29
436 1691 469 1727 ex
482 1674 600 1743 Diogene
612 1673 742 1739 afferatur,
755 1673 865 1727 Greuzer
876 1673 905 1725 in
915 1671 983 1741 Lydi
995 1671 1107 1726 editione
1119 1670 1294 1724 Roetheriana
1311 1675 1445 1724 auctorem
1460 1689 1514 1726 nou

388 1758 570 1829 Porphyrium,
583 1758 628 1811 sed
640 1759 785 1828 Diogenem
799 1756 928 1827 Cynicum
939 1756 1040 1809 Iuliano
1057 1757 1194 1825 aequalem
1211 1772 1269 1808 esse
1286 1756 1404 1823 coniicit,
1420 1756 1449 1808 in
1460 1757 1513 1811 ind.

389 1843 457 1898 doct.
478 1843 595 1912 Gotting.
608 1860 632 1898 a.
648 1843 721 1898 1854.
737 1844 759 1898 l.
769 1842 798 1898 c.
811 1843 922 1907 dubitat,
935 1858 970 1894 an
981 1842 1027 1893 illa
1038 1840 1219 1910 paragraphus
1237 1846 1264 1893 et
1280 1841 1313 1893 ab
1325 1839 1442 1894 Iohanne
1460 1847 1487 1894 et
1498 1858 1515 1894 a

388 1926 531 1997 Porphyrio
544 1945 577 1980 ex
589 1928 716 1996 Diogenis
728 1928 824 1981 Laertii
834 1928 935 1980 lacuna
943 1927 1044 1996 aliqua,
1058 1941 1124 1995 quae
1137 1925 1203 1978 VIII.
1218 1925 1257 1979 19.
1271 1924 1312 1979 24.
1325 1924 1359 1977 34
1370 1925 1462 1990 luerit,
1479 1927 1514 1978 sit

388 2011 506 2081 repetita.
535 2012 570 2063 At
586 2027 668 2079 quum
684 2014 867 2080 locupletiores
884 2017 965 2065 testes
978 2013 1113 2081 complura
1123 2011 1194 2063 illius
1205 2010 1275 2062 ritae
1287 2010 1367 2063 verba
1377 2011 1512 2065 nominato

388 2095 531 2166 Porphyrio
541 2095 659 2158 afferant,
672 2101 699 2146 et
707 2111 724 2146 a
731 2095 874 2163 Porphyrio
884 2101 911 2147 et
920 2097 953 2149 ab
962 2095 1077 2148 Iohanne
1087 2095 1231 2148 Antonium
1239 2094 1387 2163 Diogenem
1398 2097 1513 2166 exscrip·
1566 2121 1570 2127 ·

388 2186 445 2233 tum
461 2196 518 2233 csse
535 2180 657 2242 arbitror,
674 2180 720 2248 qui
736 2181 786 2228 τῶν
803 2177 863 2247 ὑπὲρ
880 2178 978 2243 Θούλην
995 2177 1104 2231 ἀπίστων
1120 2181 1202 2233 libros
1215 2179 1248 2231 24
1259 2179 1340 2231 edidit
1351 2179 1436 2249 (Phot
1448 2181 1511 2235 bibl.

390 2264 438 2317 109
451 2281 467 2316 a
479 2263 506 2333 7)
519 2269 579 2315 ante
591 2263 738 2323 Lucianum
750 2262 835 2331 (Phot.
850 2262 897 2314 111
911 2263 929 2313 b
940 2261 981 2326 33,
994 2265 1039 2331 qui
1053 2265 1099 2316 111
1113 2282 1129 2317 a
1141 2263 1174 2316 32
1186 2265 1254 2316 male
1267 2264 1383 2328 coniicit,
1402 2281 1447 2317 eos
1459 2282 1512 2318 non

388 2349 472 2400 multo
483 2353 545 2419 post
556 2347 736 2399 Alexandrum
747 2348 783 2399 M.
796 2347 880 2399 editos
893 2347 972 2415 esse).
1000 2347 1039 2399 De
1050 2347 1200 2417 Pythagora
1212 2348 1253 2400 'ibi
1270 2364 1418 2401 sermonem
1429 2348 1512 2401 luisse

387 2432 496 2485 Photius
510 2448 612 2501 quoque
628 2431 675 2484 109
687 2432 705 2482 b
719 2430 750 2482 14
763 2432 806 2486 ait.
818 2429 913 2501 Porph.
925 2432 971 2485 rit.
983 2430 1063 2500 Pyth.
1075 2431 1107 2484 10
1119 2437 1145 2482 et
1156 2432 1189 2483 32
1202 2448 1236 2483 ex
1248 2449 1279 2485 eo
1290 2433 1364 2485 fonte
1375 2432 1470 2498 hausit,
1482 2440 1512 2488 ut

388 2517 490 2569 videtur
502 2518 582 2569 etiam
593 2516 666 2580 illud,
678 2516 748 2586 quod
760 2515 793 2569 34
803 2516 837 2568 de
849 2517 921 2570 rictu
932 2515 1098 2584 Pythogoree
1110 2515 1194 2570 affert.

457 2603 466 2635 ¹
477 2603 526 2656 Vel
537 2601 750 2671 Abulpharagius
762 2617 823 2671 pag.
835 2601 869 2654 33
881 2602 934 2672 led.
946 2599 1103 2666 Pocockiusl
1115 2598 1302 2670 Empedoclem
1313 2600 1425 2672 Pythag.
1439 2603 1510 2656 Socr.

386 2686 451 2741 Plat.
464 2688 570 2741 Aristot.
584 2687 699 2758 quinque
707 2685 887 2757 philosophiae
897 2686 1033 2740 columnas
1042 2690 1127 2739 vocat.
1144 2685 1206 2737 llius
1216 2690 1333 2756 tempore
1343 2686 1409 2744 liber
1419 2685 1454 2741 lv
1466 2696 1511 2741 ex·

387 2773 461 2824 tabat
473 2773 588 2841 Syriaco.
603 2771 709 2841 (Bernh.
723 2773 756 2824 ad
768 2771 840 2825 Suid.
853 2789 874 2825 s.
886 2771 993 2841 Porph.)

456 2856 571 2909 ⁹Suidas
584 2856 699 2909 diuersas
710 2856 758 2908 has
770 2858 1002 2909 commentationes
1014 2873 1072 2910 esse
1082 2839 1169 2926 putat,¹
1177 2855 1266 2909 Lehrs.
1275 2857 1417 2910 Aristareh.
1425 2876 1452 2930 p.
1461 2857 1510 2911 att

386 2956 468 2993 unam
480 2941 641 3010 eandemque
652 2942 735 2996 luisse
746 2942 887 3010 perspexit.
1022 3009 1025 3014 Ι

456 3025 563 3078 ³Schol.
576 3025 600 3077 A
611 3026 643 3077 ad
655 3025 685 3077 Il.
700 3024 738 3077 13.
754 3024 813 3077 103:
826 3022 990 3096 Ἀρίσταρχος
1003 3026 1100 3096 βαρύνει
1111 3026 1140 3077 τί)
1154 3026 1235 3096 θώων,
1248 3027 1289 3080 καὶ
1301 3026 1398 3093 ἐπείσθη
1408 3027 1423 3095 ἡ
1434 3026 1511 3099 παρθ-

389 3110 463 3169 δοσις·
477 3107 490 3161 θ
503 3108 530 3161 δέ
542 3106 671 3179 Πάμφιλος
684 3113 806 3179 περισπᾷ.
819 3149 824 3160 .
838 3109 938 3180 (Lehrs.
950 3110 1028 3164 Arist.
1041 3128 1066 3181 p.
1080 3110 1128 3164 261
1138 3112 1247 3185 ‘duobus
1265 3112 1370 3166 scholiis
1387 3113 1416 3165 in
1429 3129 1511 3167 unum

388 3195 529 3247 contractis
541 3195 629 3260 verba,
641 3211 759 3248 nentem
768 3200 886 3247 nostram
894 3196 1032 3265 immutat.)
1041 3194 1130 3257 λάσιος
1140 3197 1190 3263 (sic
1199 3214 1246 3267 pro
1256 3196 1370 3262 Iliscine,
1382 3198 1512 3253 i.e.Dion.

388 3279 495 3333 Cassius
507 3279 655 3349 Longinus]
668 3278 695 3331 δὲ
707 3276 908 3349 ἀπολογούμενος
920 3278 981 3350 ὑπὲρ
993 3284 1035 3347 τῆς
1049 3280 1233 3350 βαρυτονήσεώς
1251 3299 1332 3351 φησιν,
1346 3280 1384 3333 ότι
1395 3282 1426 3334 τά
1438 3301 1512 3353 μονο-

388 3363 502 3432 σύλλαβα
514 3369 563 3419 οιο.
581 3364 655 3417 Eust.
667 3365 695 3417 iu
707 3364 754 3417 0d.
767 3363 807 3418 22.
820 3363 866 3417 58:
882 3364 898 3431 ἡ
916 3363 943 3416 δὲ
960 3366 1060 3431 τοιαύτη
1077 3364 1134 3435 τιμὴ
1152 3365 1192 3416 καὶ
1204 3368 1275 3436 τίμος
1288 3365 1385 3437 λέγεται
1397 3368 1512 3439 κωρικιύ-

386 3465 468 3518 τερον,
487 3446 520 3509 ὡς
532 3451 653 3519 Λογγῖνος
666 3447 751 3517 δηλοῖ,
770 3445 862 3518 ὁμοίως
880 3453 918 3519 τῷ
930 3449 996 3520 χολὴ
1009 3449 1099 3520 χόλος,
1118 3448 1168 3516 ὠνὴ
1187 3443 1249 3510 ὦνος
1267 3450 1371 3513 καὶτοῖς
1384 3453 1510 3513 τοιούτοις.

391 3531 479 3587 Schol.
492 3534 523 3586 V.
536 3534 610 3586 adil.
623 3533 647 3586 7.
660 3533 723 3587 238:
747 3531 760 3585 ὁ
777 3531 875 3594 Ιίάσιος,
885 3533 951 3595 δεξιὰ
963 3532 1007 3604 μὲν
1019 3534 1048 3585 ab
1062 3534 1170 3603 διώκειν,
1188 3531 1302 3604 ἀριστερὰ
1319 3534 1346 3587 δὲ
1362 3535 1391 3587 ub
1409 3538 1510 3607 φεύγειν.

389 3614 517 3687 Ἀχιλλεὺς
536 3615 596 3687 γάρ,
615 3618 700 3687 φησίν,
718 3618 833 3684 ποδώκης
841 3619 887 3670 Ικαι
899 3617 1033 3689 ποδάρκης.
1056 3619 1095 3683 De
1107 3617 1213 3671 ἀνόπαια
1225 3620 1272 3673 Od.
1287 3620 1309 3673 1.
1322 3620 1373 3674 330
1384 3624 1512 3675 sententia

390 3702 534 3755 Aristarchi
545 3703 573 3754 in
582 3701 695 3765 scholiis,
707 3702 822 3771 Longini
832 3704 861 3756 in
872 3704 1030 3773 epimerism
1042 3703 1147 3758 Homer.
1156 3721 1182 3773 p.
1191 3703 1223 3756 81
1234 3703 1286 3774 led.
1298 3704 1405 3758 Cramer
1414 3708 1511 3775 anecd.)

391 3786 505 3839 affertur.
524 3787 596 3840 Eust.
609 3787 641 3838 ad
653 3787 682 3840 ss.
697 3787 719 3838 l.
732 3786 793 3839 2952
812 3785 872 3849 τινὲς
889 3786 917 3839 δὲ
929 3785 1085 3857 ἀρέσκονται,
1102 3785 1135 3849 ὡς
1149 3787 1189 3839 καλ
1201 3789 1322 3857 Λογῇνος
1335 3789 1423 3860 δηλοῖ,
1439 3787 1510 3843 νόθον

386 3864 446 3921 εἶναι
458 3868 501 3921 ubo
515 3871 627 3940 δεύτερον
640 3870 725 3941 στίχον
739 3871 767 3940 (i.
778 3888 799 3923 e.
813 3872 919 3942 σήμαιν’·
932 3872 962 3923 οὖ
974 3872 1022 3943 γὰρ
1035 3869 1111 3942 ἔγωγ’
1123 3870 1157 3924 ἔτι
1169 3889 1208 3923 σοι
1220 3872 1344 3925 πείσεσθαι
1356 3870 1401 3926 ἀίω
1413 3881 1445 3928 ιιι
1454 3876 1511 3929 ἰιιιι·

387 3955 462 4006 tilem
472 3960 533 4024 post
545 3951 656 4006 ἄλλοισιν
669 3954 698 4022 δὴ
711 3955 780 4006 ταῦτ’
793 3953 933 4028 ἐπιτέλλεο,
952 3957 985 4028 μὴ
998 3954 1046 4027 γὰρ
1059 3954 1153 4027 ἔμοιγε)
1170 3954 1336 4027 λαμβάνοντες
1348 3956 1375 4011 in
1387 3964 1470 4012 κοινοῦ
1481 3960 1510 4011 rb

388 4038 512 4094 πιτέλλεο.
528 4038 627 4118 (Sobel.
636 4041 671 4093 A:
686 4040 766 4091 κοινθν
779 4040 807 4092 ub
821 4038 962 4111 ἐπιτέλλεο,
974 4042 1015 4094 καλ
1028 4040 1041 4094 ὁ
1054 4042 1102 4112 γ’ἀρ
1115 4043 1189 4113 (tolle
1201 4038 1227 4112 θ)
1240 4042 1355 4111 περισσός
1368 4040 1382 4095 θ
1394 4041 1456 4111 ἑξῆς.
1471 4043 1509 4095 διθ

385 4119 523 4192 coetero.)
550 4123 584 4177 Ut
595 4123 664 4178 huuc
676 4141 793 4192 uersum,
811 4127 849 4179 ita
862 4128 940 4180 etiam
953 4127 982 4180 11.
996 4127 1018 4180 1.
1033 4127 1081 4180 139
1093 4133 1123 4180 ut
1133 4127 1253 4179 inutilem
1264 4126 1402 4196 Longinus
1414 4128 1509 4193 reiicit3

384 4208 457 4261 Eust.
471 4209 504 4260 ad
515 4208 545 4263 Η.
560 4209 581 4262 1.
597 4209 657 4261 14οι
670 4209 716 4260 Καὶ
730 4208 767 4261 ότι
779 4207 894 4281 ἀνωτέρω
904 4212 993 4263 τούτου
1004 4211 1089 4282 στίχος
1102 4206 1134 4272 είς
1143 4214 1220 4263 κεῖται
1230 4212 1312 4262 δοκῶν
1321 4210 1385 4263 κατὰ
1393 4211 1437 4264 τάν
1446 4213 1509 4282 Λογ-

384 4296 452 4359 γῖνον
464 4286 524 4345 εἶναι
535 4293 687 4363 παρένθετος.
701 4294 769 4365 ἀρκεῖ
781 4312 806 4346 τε
818 4292 873 4365 γάρ,
887 4295 968 4364 φησίν,
981 4293 1013 4355 είς
1025 4295 1118 4347 τελείαν
1131 4292 1224 4347 ἔννοιαν
1237 4295 1266 4347 ab
1279 4293 1330 4347 ἀνω
1341 4296 1418 4349 αὐτοῦ
1430 4296 1509 4367 κείμε-

383 4394 424 4427 νον
437 4373 493 4438 ἔπος
504 4378 577 4448 1138)
590 4378 630 4430 καὶ
640 4378 668 4430 τί)
679 4378 761 4448 ἐφεξῆς
771 4378 798 4430 δὲ
807 4384 851 4431 τοῦ
864 4377 897 4441 ἀξ
904 4400 925 4430 ω
938 4378 1016 4431 ἑλών
1028 4380 1111 4450 1140).
1126 4378 1139 4431 ὁ
1152 4384 1213 4451 (scr.
1226 4379 1267 4450 το)
1280 4380 1308 4432 δὲ
1318 4380 1506 4451 χολώσεται,

382 4459 416 4513 θν
430 4461 462 4512 ἀν
471 4461 589 4532 ίκωμαι
601 4461 632 4524 εἰς
645 4463 716 4515 οὐδὲν
729 4463 783 4514 δέον
796 4461 822 4515 ἐκ
835 4468 952 4534 περισσοῦ
963 4464 1073 4517 τέθειται·
1086 4465 1121 4527 τίς
1134 4463 1181 4536 γὰρ
1195 4464 1240 4517 οὐκ
1252 4458 1317 4517 οἶδεν
1329 4463 1364 4527 ὡς
1373 4465 1507 4533 λυπήσεται

384 4543 541 4617 ἀάδικηθείς,
560 4547 610 4600 Ubi
622 4547 702 4601 schol.
715 4548 751 4601 A:
770 4547 811 4599 καλ
828 4546 910 4614 εὔηθες
926 4548 955 4601 ub
974 4549 1148 4623 προσκείμενον
1167 4548 1180 4603 θ
1199 4548 1233 4603 δέ
1246 4566 1296 4603 κεν
1313 4566 1380 4623 ιιεχ.
1393 4553 1446 4612 πῶς
1457 4549 1503 4624 γὰρ

384 4628 428 4682 οὐκ
441 4628 527 4702 ἔμελλε
539 4630 689 4703 χολοῦσθαι,
