3592 5400
628 495 669 538 ar
682 493 900 538 avocamoruu
915 494 1056 538 uermes.
1364 472 1404 537 95

438 640 581 732 Χρηομθς
599 632 696 718 δοθεὶς
710 641 886 732 Τιμοκράπρ,
902 640 1048 725 Ἀθηναίῳ
1063 641 1247 730 iporeium
1263 643 1331 730 περὶ
1344 647 1406 707 ἐπι-

490 748 599 840 ληψίας

284 871 316 928 in
337 871 450 930 anthol.
465 870 563 928 Palat.
582 872 629 929 14.
650 870 718 928 149.
745 869 804 944 Qui
819 870 1001 929 Timocrates
1020 870 1146 928 fortasse
1166 869 1294 928 medicus
1314 869 1369 928 tuit
1387 890 1406 928 a

285 981 403 1040 Galeno
416 981 564 1057 pharmae.
580 980 664 1038 local.
680 981 715 1040 V.
731 999 794 1056 cap.
812 982 831 1038 ὁ
846 987 876 1038 et
892 982 909 1039 t
927 989 996 1038 tom.
1012 982 1051 1039 ll.
1066 1000 1096 1057 p.
1110 980 1172 1038 228
1186 988 1215 1037 et
1231 980 1302 1051 236,
1318 988 1405 1055 atque

283 1092 323 1149 ab
339 1091 427 1149 Aetio
442 1099 573 1166 quatern.
590 1091 608 1149 2
624 1109 711 1150 serm.
728 1093 747 1149 4
763 1110 826 1168 cap.
844 1091 882 1149 35
899 1091 1073 1150 nominatus.

508 1210 599 1271 Μεῖζον
616 1207 755 1279 ἀειράμενος
769 1209 876 1279 κεφαλῆς
887 1210 1016 1280 ποιμνήιον
1028 1210 1109 1278 οὐλήν,

508 1301 619 1374 μηκάδος
631 1300 782 1374 ἂγρονθμοιο
794 1303 868 1373 δέμας
881 1303 1045 1374 περικάββαλε
1056 1304 1151 1373 μήλου,

508 1395 630 1466 {pauoris
643 1395 836 1467 πολύπλαγκτον
848 1395 965 1468 ἐυρρήνου
977 1395 1026 1448 ἀπο
1039 1399 1137 1468 κόρσης.

341 1513 521 1576 Scholiasta:
534 1508 651 1573 Τοῦτον
661 1510 716 1573 τὸν
725 1509 858 1598 γρησμθν
869 1499 1022 1598 discriptos
1035 1508 1102 1595 (ser.
1115 1507 1168 1597 φη)
1180 1508 1405 1600 Θιόγνωοτοςό

285 1620 512 1709 Δημοκρῆτειος
523 1621 590 1706 (scr.
603 1619 678 1708 κρίτ)
691 1614 737 1707 (μοι’
749 1625 815 1694 ἔτος
825 1618 957 1683 ἐλαύνων
969 1620 1199 1704 (nonagesimum
1211 1635 1341 1700 oetaeum
1352 1647 1406 1686 an-

285 1757 358 1794 num
369 1730 470 1814 agens)
484 1730 589 1806 οὗτος·
604 1740 665 1793 τῶν
680 1734 710 1793 ἐν
724 1741 788 1805 τοῖς
798 1731 941 1819 ποιμνίοις
953 1736 1045 1820 αἰγῶν
1057 1740 1186 1818 φυσικῶς
1202 1753 1289 1819 φησιν
1300 1737 1406 1822 ἔγκυος

286 1843 403 1931 γίνεται
413 1846 433 1912 η’
444 1842 562 1929 asperii
574 1840 656 1905 κατὰ
665 1841 721 1912 τὴν
731 1849 787 1904 τοῦ
801 1839 972 1930 ἐγκεφάλου
989 1838 1074 1924 βάσιν
1087 1844 1210 1904 πολλῶν
1226 1842 1404 1912 σκωλήκων·

285 1951 475 2040 ἐπερχομένῳ
491 1950 558 2035 (ser.
574 1941 739 2042 -μένουλθὲ
752 1960 881 2040 πταρμῷ
896 1951 964 2034 (scr.
979 1950 1076 2039 -μοῠ)
1090 1959 1135 2034 τῷ
1151 1942 1233 2033 (ebat,
1253 1953 1405 2016 ἐπαλλάτ-

285 2086 392 2125 τονται
406 2063 520 2146 (Iacobs
537 2076 615 2126 reete
630 2064 741 2126 ἀπαλλ
754 2060 841 2144 coni.)
856 2062 965 2124 πολλοὶ
979 2065 1014 2125 ἐκ
1027 2070 1088 2125 τῶν
1104 2057 1204 2152 ρ’ωθῶν
1220 2059 1287 2146 (ser.
1304 2060 1405 2151 ρ’ωθώ-

287 2197 354 2251 νων,
370 2171 530 2259 enaribus)
542 2183 596 2249 τῆς
611 2172 694 2263 αἰμθς
709 2172 870 2247 σκώληκες.
892 2172 948 2260 χρὴ
964 2165 1015 2235 οὖν
1031 2171 1273 2260 ὑποστορέοοινπα
1288 2170 1405 2260 ἱμάτιον

288 2273 340 2346 θινὶ
361 2283 398 2346 τὸ
414 2284 455 2372 μὴ
476 2280 608 2370 ἅψασθαι
627 2293 682 2358 τῆς
696 2293 752 2373 γῆς
770 2282 839 2358 τοὺς
859 2283 1031 2362 σκώληκας,
1051 2285 1155 2367 λαβεῖν
1176 2275 1257 2373 atdp'
1271 2282 1334 2366 (sie)
1355 2284 1406 2347 καὶ
1453 2310 1458 2316 ·

287 2384 455 2463 ἐνθήσοντα
478 2399 517 2469 εἰς
539 2383 633 2482 θ’ρμα
656 2393 781 2482 μέλανος
803 2393 972 2481 προβάτοιν,
998 2386 1107 2480 ἐξάψαι
1129 2397 1228 2457 απαλ
1250 2382 1295 2457 αθ
1301 2416 1316 2456 ο
1340 2393 1404 2479 (sie)

288 2492 307 2564 θ
313 2525 344 2565 ει
350 2527 365 2590 ρ
381 2503 404 2588 (ς
419 2520 465 2568 est
479 2530 569 2586 supra
582 2507 601 2567 λ
617 2518 646 2568 et
661 2502 702 2592 ρ),
718 2505 769 2566 καὶ
783 2509 846 2567 ἔστι
862 2502 1021 2578 ὰντιπαθὲς
1035 2514 1090 2580 τῆς
1105 2504 1200 2568 νόσου.

351 2620 474 2678 Versum
493 2620 583 2698 igitur
596 2621 720 2698 primum
735 2621 940 2697 Theognostus
955 2640 1012 2678 non
1028 2621 1070 2678 ita
1083 2620 1237 2689 intellexit,
1253 2628 1285 2678 ut
1299 2621 1404 2679 vermis

288 2747 377 2805 supra
388 2740 474 2807 eaput
485 2751 510 2790 s.
522 2734 610 2791 altius
625 2752 712 2809 quam
728 2740 814 2809 eaput
829 2740 888 2802 est,
906 2733 1070 2803 tolleretur,
1086 2733 1136 2791 sed
1151 2739 1238 2808 eaput
1253 2731 1404 2808 caprinum

287 2841 444 2916 pluresque
458 2862 570 2901 vermes
585 2844 642 2902 diei
658 2844 779 2901 censuit.
809 2843 955 2902 Numerus
970 2844 1087 2921 quidem
1101 2844 1213 2901 medius
1228 2850 1328 2918 aperte
1343 2860 1404 2901 eor·

287 2959 391 3027 ruptus
411 2959 469 3009 est:
492 2954 622 3013 decussis
645 2953 722 3012 enim
743 2961 793 3011 aut
815 2953 946 3012 centuria
967 2974 1039 3031 opus
1062 2962 1116 3014 est.
1147 2954 1225 3029 Quia
1247 2954 1405 3013 scholiasta

288 3060 408 3137 scripsit
421 3053 652 3146 Δημοκρῆτειος,
669 3082 679 3121 ι
693 3085 745 3142 pro
759 3082 779 3130 η
795 3064 929 3137 eoniieio;
945 3067 1090 3125 oraculum
1106 3065 1148 3123 ita
1162 3065 1297 3124 emendo:

627 3190 724 3254 Μεῖζον
743 3190 765 3244 ἆ.
784 3212 806 3246 κ.
825 3193 955 3263 ποιμνηίου
973 3192 1045 3260 εθλὴν

627 3282 750 3356 μηκᾶθος,
769 3283 791 3337 ἆ.
810 3287 832 3338 δ.
852 3304 877 3338 π.
898 3306 924 3356 μ.

352 3395 486 3479 Μείζονα
498 3406 586 3476 οὐλήν
601 3412 692 3470 schol.
709 3413 784 3470 male
799 3414 912 3471 videtur
925 3413 1121 3484 intellexisse,
1144 3412 1227 3489 quasi
1243 3431 1331 3472 sensu
1346 3413 1404 3471 eol-

287 3522 393 3579 leotivo
408 3516 545 3590 πλείονας
561 3515 649 3591 εὐλάς
664 3523 849 3600 significaret.
879 3526 919 3581 At
934 3527 1026 3601 major
1040 3524 1146 3581 vermis
1161 3524 1226 3600 oapi
1238 3526 1402 3599 jubebatur.

352 3631 482 3690 Ultimus
499 3633 606 3690 oraeuli
622 3631 723 3691 versus
738 3641 838 3710 aperte
852 3634 971 3692 mutilus
987 3641 1045 3704 est3
1069 3635 1120 3692 sed
1140 3652 1227 3709 quum
1248 3635 1278 3692 in
1294 3634 1404 3693 scholio

287 3750 416 3799 extremo
432 3742 572 3818 reliquiae
588 3744 728 3817 quaedam
744 3737 1021 3822 poetieae'servatae
1036 3744 1110 3816 sint,
1130 3745 1252 3822 suppleo

405 3859 435 3912 lt
447 3880 473 3913 κε
484 3861 538 3913 τόδ’
550 3861 639 3932 ἐξαφθῇ
652 3881 672 3917 s.
685 3861 705 3915 εἰ
716 3864 782 3916 τοῦτ’
795 3861 904 3934 ἐξάψειοις
917 3866 956 3935 (o)
970 3892 984 3918 o
992 3896 1012 3903 -
1021 3862 1117 3931 ἁπαλῆς
1129 3861 1177 3915 ἀπο
1191 3864 1269 3935 δειρῆς
1274 3904 1281 3930 ,

408 3954 491 4026 ἕρπητ’
504 3956 532 4007 ἂν
545 3954 737 4026 πολύπλαγκτον
750 3956 856 4029 {apricat
868 3956 917 4010 ἀπο
930 3960 1034 4029 κόρσης,

286 4074 306 4132 i.
323 4096 349 4133 e.
365 4073 442 4145 lana,
459 4074 484 4133 si
500 4082 646 4145 nectatur,
663 4078 806 4147 morbum,
823 4078 980 4153 quitatum
995 4097 1098 4154 eorpus
1113 4085 1256 4155 permeat,
1276 4100 1295 4137 a
1308 4078 1403 4155 eapite

286 4184 446 4256 dimoveat,
467 4221 502 4266 ·.·
524 4186 554 4242 in
575 4188 752 4263 temporibus
773 4189 905 4246 videlieet
925 4190 1053 4248 medicus
1074 4190 1166 4248 morbi
1186 4189 1265 4248 illius
1287 4209 1403 4247 eausam

286 4296 393 4372 posuit.
425 4293 483 4370 Qui
499 4296 523 4354 si
538 4296 613 4355 forte
627 4275 744 4375 aegroto
760 4295 941 4370 medebatur,
963 4299 1032 4357 lana
1050 4301 1105 4359 hoo
1123 4299 1192 4357 feeit
1207 4300 1284 4356 eirea
1298 4299 1402 4357 collum

286 4406 393 4481 posita,
409 4425 467 4464 non
483 4408 637 4465 vermibus.
667 4411 707 4466 At
722 4410 872 4469 redeamus
887 4413 924 4470 ab
939 4412 1005 4469 istis
1020 4411 1105 4489 nugis
1119 4410 1156 4467 ad
1170 4410 1343 4468 historiam·
1407 4382 1409 4387 Ι

352 4515 505 4576 Caracalla
531 4518 673 4577 incubans
700 4518 731 4576 in
757 4521 925 4597 Aesculapii
948 4523 1056 4597 templo
1085 4522 1264 4597 Pergameno
1287 4521 1403 4582 oracula
