3592 5400
778 620 886 667 nonar.
1282 606 1322 666 27

391 813 469 879 Ibid.
492 814 561 879 Lin.
586 818 605 878 8
629 819 660 879 et
683 818 713 878 9.
736 814 779 888 ὡς
803 811 1038 897 Ἀριστόξενος
1062 816 1189 898 πρῶτος
1208 814 1323 878 ἐσυκο-

346 958 504 1037 φάντησε,
537 955 592 1016 καὶ
625 951 837 1037 Ἀριστείδης
868 953 1015 1037 ὕστερον.
1042 951 1151 1018 Versio
1174 953 1212 1018 V.
1235 953 1271 1018 L.
1294 960 1325 1019 et

346 1092 375 1157 h.
398 1093 418 1158 l.
442 1092 554 1157 “Sicut
575 1091 776 1157 Aristoxenus
795 1093 950 1157 accusavit
968 1098 998 1157 et
1018 1092 1184 1157 Aristocles
1204 1098 1326 1180 postea„

345 1238 377 1297 et
398 1232 477 1296 iufra
500 1230 604 1296 habet:
627 1231 739 1296 “Sicut
762 1231 964 1297 Aristoxenus
987 1237 1017 1296 et
1039 1231 1206 1297 Aristocles
1225 1238 1323 1318 poste·

346 1371 410 1436 rius
440 1369 571 1447 dicunt„
602 1369 739 1454 quamvis
769 1391 873 1457 graece
902 1369 967 1435 illic
997 1369 1056 1435 loci
1087 1369 1186 1434 solum
1216 1392 1324 1434 nomen

346 1510 522 1576 Aristoxeni
546 1515 800 1574 commemoretur.
823 1511 867 1575 At
890 1531 959 1574 vero
981 1509 1050 1593 quis
1072 1509 1131 1573 iste
1153 1508 1182 1573 h.
1205 1508 1224 1573 l.
1245 1508 1324 1595 apud

346 1654 483 1714 nostrum
506 1647 679 1714 Aristides?
699 1647 845 1714 Aeliusne
862 1647 1014 1715 Aristides
1035 1647 1181 1713 Hadriani
1194 1653 1326 1734 tempore

346 1787 510 1875 Sophiste?
535 1785 654 1853 Vitiosa
673 1786 761 1852 credo
780 1809 844 1852 esse
860 1787 1006 1874 scriptum
1022 1810 1076 1874 pro
1088 1785 1320 1871 Ἀριστοκλῆς.

391 1926 461 1991 dam
490 1925 572 2011 quod
601 1925 710 1990 attinet
741 1925 937 2003 sententiam,
960 1949 1036 2012 quae
1058 1932 1122 1992 tota
1145 1925 1200 1992 hac
1223 1926 1324 2014 phrasi

346 2064 418 2130 inde
439 2064 476 2130 ab
496 2063 562 2127 Οὐκ
586 2067 652 2148 ἄρα
676 2063 947 2147 (ἐπῳκοδόμησεν
971 2091 1002 2129 κ.
1028 2090 1058 2129 τ.
1085 2069 1112 2129 ἑ.
1137 2067 1325 2140 continetur,

346 2209 451 2268 notare
480 2203 565 2269 lubet
596 2201 677 2269 haec.
707 2203 866 2290 Pleraque,
897 2227 973 2290 quae
996 2204 1033 2269 de
1054 2205 1224 2270 inimicitiis
1247 2205 1326 2270 inter

345 2341 502 2407 Platonem
533 2347 564 2407 et
593 2342 786 2407 Aristotelem
817 2343 968 2420 feruntur,
999 2350 1052 2409 aut
1081 2367 1112 2410 re
1141 2345 1222 2431 ipsa,
1244 2344 1324 2429 qnod

346 2480 475 2547 absurda
507 2486 595 2558 sunt,
626 2480 817 2559 refelluntur,
849 2481 894 2546 vel
926 2483 1070 2547 seriorum
1099 2487 1217 2547 tantum
1241 2483 1325 2548 testi·

250 2627 251 2630 ’
346 2621 457 2686 moniis
486 2620 643 2696 nituntur,
672 2642 747 2706 quae
777 2642 832 2685 nec
854 2621 934 2685 inter
957 2643 989 2685 se
1012 2642 1145 2707 congrua
1167 2626 1256 2698 sunt,
1279 2620 1326 2686 vel

345 2784 382 2826 ex
414 2761 532 2847 impuro
562 2760 646 2825 fonte
675 2760 843 2837 fluxerunt,
866 2759 898 2824 id
923 2765 984 2838 est,
1008 2783 1045 2825 ex
1068 2759 1137 2825 odio
1160 2765 1190 2825 et
1212 2760 1327 2825 invidia

345 2898 571 2964 Platonicorum
611 2921 682 2985 erga
718 2897 951 2985 Peripateticos,
990 2920 1117 2984 quorum
1157 2898 1326 2985 exemplum

346 3039 434 3103 etiam
467 3037 556 3102 multi
587 3037 644 3103 viri
675 3037 786 3102 eruditi
813 3038 895 3103 Sacc.
926 3038 1008 3102 XVI
1038 3043 1069 3103 et
1092 3037 1199 3102 XVII.
1230 3038 1326 3103 secuti

347 3181 434 3253 sunt,
458 3175 510 3241 alii
533 3176 728 3241 Aristotelem
752 3175 891 3241 laudibus
915 3176 948 3240 in
968 3175 1083 3241 coelum
1104 3175 1258 3252 tollentes,
1275 3176 1326 3241 alii

278 3336 282 3344 ·
346 3316 430 3381 nulla
460 3338 522 3380 non
552 3315 710 3381 maledicta
738 3321 768 3380 et
791 3315 928 3380 convicia
950 3315 983 3379 in
1005 3314 1092 3380 illum
1117 3315 1327 3400 conjicientem

345 3478 439 3541 quum
472 3476 540 3520 vero
567 3454 783 3520 obtrectatores
806 3439 848 3530 et?
858 3453 956 3518 invidi
979 3453 1067 3518 fidem
1091 3453 1247 3539 exiguam,
1271 3476 1327 3518 nec

346 3594 485 3678 majorem
506 3598 673 3658 mereantur
692 3591 874 3665 laudatores,
893 3590 946 3677 q'ui
968 3592 1097 3677 partium
1118 3614 1179 3655 non
1192 3592 1327 3656 veritatis

345 3731 448 3826 studio
479 3731 563 3796 ducti
593 3731 693 3795 omnia
724 3730 862 3807 laudant,
888 3730 1100 3795 difficillimum
1124 3735 1171 3796 est
1189 3730 1327 3816 judicare

345 3871 419 3956 quid
442 3871 483 3936 sit
506 3871 538 3935 in
561 3893 595 3935 ea
618 3892 650 3936 re
673 3870 744 3936 veri.
769 3950 772 3955 ⁸

390 4009 547 4075 Alllianus
581 4009 652 4073 Var.
687 4009 769 4073 Hist.
800 4007 867 4074 Lib.
898 4009 955 4073 IV.
988 4012 1007 4073 9
1039 4013 1139 4073 narrat
1169 4007 1326 4074 Platonem

346 4148 459 4213 dixisse
478 4147 514 4213 de
532 4147 711 4225 Aristotele,
731 4147 837 4214 “hunc
856 4148 887 4211 in
909 4170 940 4212 se
961 4147 1178 4225 recalcitrasse,
1197 4154 1231 4212 ut
1251 4148 1325 4213 muli

346 4287 434 4353 modo
466 4287 560 4373 geniti
592 4287 624 4351 in
656 4293 778 4351 matrem
802 4286 988 4352 recalcitrare
1010 4285 1163 4363 soleant„:
1187 4286 1236 4350 cui
1259 4287 1325 4371 qui·

345 4427 410 4493 dem
436 4427 519 4493 dicto
543 4427 743 4513 nescioquod
767 4421 959 4492 Platonicum
981 4426 1079 4490 inesse
1099 4424 1172 4488 mihi
1198 4424 1325 4488 videtur.
