3592 5400
380 518 440 583 162
858 536 949 579 ursan
970 537 1002 577 11.

338 705 351 742 ι
445 682 516 736 Ἀλλ’
534 681 571 736 ότι
594 682 637 753 μὲν
661 678 948 759 ἀναγκάζονταιρὶκανά
971 681 1011 733 καλ
1035 685 1113 733 ταῦτα
1133 682 1301 750 παραστῆσαι.
1334 678 1388 733 ότι1
1413 679 1439 734 δὲ
1459 681 1493 733 καλ

377 779 482 840 ἀξιοῦσιν
501 774 664 847 ἀπολυθῆναι,
689 774 722 837 ὡς
741 776 786 828 οὐκ
804 775 842 827 ἐπ’
855 775 938 836 αὐτοῖς
956 779 998 842 τῆς
1017 775 1198 846 ἀναχωρήσεως
1219 775 1344 847 κειμένης,
1368 773 1453 846 μάθοις
1470 775 1493 826 ἀν

377 871 403 924 ἐκ
421 873 528 924 τούτων·

530 972 679 1052 Gap.9·p.
695 974 753 1032 116
771 971 814 1033 St.
831 992 859 1050 p.
876 972 1046 1050 reobvig.

439 1073 516 1144 ’Ότι
537 1069 570 1143 δὲ
591 1067 784 1143 σπεύδουσινῖ
804 1081 967 1167 ἀναχωρεῖν
987 1081 1014 1140 οἱ
1028 1073 1189 1151 κληθέντες
1210 1074 1285 1156 θεοί,
1308 1065 1439 1149 δηλώσει
1457 1075 1493 1140 τά

376 1200 518 1271 τοιαῦτα,
534 1190 697 1282 λεγόντων·

338 1327 351 1356 ο
479 1352 485 1372 s
504 1300 611 1365 λύετε3
626 1300 731 1365 λοιπόν
747 1297 876 1364 άναιιτα·
893 1298 998 1388 βροτός
1014 1297 1081 1363 θεόν
1097 1297 1197 1362 οὐκέτι
1212 1309 1311 1388 χωρεῖ.

377 1413 428 1475 καὶ
441 1410 544 1476 πάλιν·

502 1519 581 1586 τίπτ’
592 1512 796 1612 ἐπιδευόμενυι
812 1510 901 1610 δηρόν
917 1521 1043 1611 βροτόν4
1058 1512 1220 1598 αἰκίζεσθες

417 1634 425 1657 t
474 1631 481 1656 Ι
538 1658 544 1672 ι

377 1657 428 1696 και
442 1637 532 1696 παλιν

508 1743 522 1766 (Ι

504 1765 589 1832 ερπε,
605 1745 655 1807 καὶ
671 1742 819 1833 ὀτραλέως
833 1751 852 1825 †
867 1743 1026 1832 ἐπιέρχεοὸ,
1041 1733 1149 1806 τόνδε6
1165 1741 1293 1816 σαώσας.

377 1856 428 1918 καὶ
442 1863 504 1930 πῶς
519 1853 660 1918 ἀπολύειν
675 1854 783 1929 αὐτοὺς
798 1854 852 1942 χρὴ
869 1855 960 1929 αὐτός
976 1842 1090 1928 διδάξει
1105 1852 1214 1943 λέγων·

338 1982 352 2020 d
505 1964 600 2029 παόεο
618 1956 654 2037 διδ
669 1966 816 2054 περίφρων
832 1962 956 2053 ὀάρωνῖ,
972 1962 1108 2027 ἀνάπαυε
1125 1953 1157 2027 δὲ
1172 1973 1268 2052 φῶτα,

410 2082 480 2143 220.
505 2074 643 2165 θάμνων8
658 2074 772 2139 ἐκλύων
787 2075 891 2139 πολιόν
906 2073 1013 2154 τόπον,
1029 2063 1092 2143 ἠδ’9
1107 2074 1167 2137 ἀπό
1182 2074 1273 2164 γυίων
1280 2073 1305 2112 ¹⁰

503 2184 709 2258 Νειλαίιιν11
725 2183 831 2258 ὀθόνην
846 2187 943 2274 χερσὶν
959 2186 1104 2273 στιβαρῶς
1119 2182 1300 2272 ἀπαείραςῑῖ.

445 2357 454 2389 ¹
474 2352 529 2406 ἀλλ’
543 2351 580 2405 ότι
599 2352 625 2405 δὲ
642 2354 696 2407 ΑΗ.
850 2354 861 2388 ¹
880 2354 1024 2413 σπεύδοντες
1042 2353 1116 2407 ΟΕθτ.

445 2439 456 2473 ³
474 2439 557 2491 λύεται
569 2438 624 2504 ΑΟ,
643 2437 733 2490 λύσατε
746 2437 877 2508 Chrysost.
890 2440 918 2491 in
930 2456 970 2508 ep.
983 2440 996 2490 1
1015 2439 1048 2491 ad
1060 2437 1174 2492 Corinth.
1186 2436 1257 2491 hom.
1271 2437 1303 2490 29
1316 2439 1399 2508 capi
1413 2457 1439 2508 p.
1449 2437 1491 2491 θόθ

376 2541 404 2591 a,
426 2526 471 2595 qui
491 2524 561 2577 huno
577 2541 602 2576 ν.
619 2525 728 2593 praebet
745 2530 850 2578 auctore
868 2542 922 2576 non
939 2526 1083 2577 nominato.
1100 2555 1134 2563 -
1152 2522 1305 2575 Theodoret.
1321 2539 1362 2592 gr.
1379 2523 1424 2578 aff.
1442 2540 1490 2576 sao.

376 2611 442 2681 disp.
457 2611 488 2663 10
499 2628 525 2680 p.
538 2609 588 2663 957
600 2608 715 2664 Subula:
735 2608 775 2660 καλ
794 2607 806 2661 ὁ
822 2607 955 2661 Ἀπόλλων
968 2607 995 2660 δὲ
1008 2609 1067 2680 βοᾷ·
1087 2608 1157 2660 κλῦθί
1170 2626 1213 2677 μευ
1223 2638 1257 2647 -
1266 2605 1376 2678 ἀνάγκῃ,
1396 2609 1436 2661 καλ
1453 2605 1491 2659 πά-

376 2696 427 2749 λιν·
446 2695 659 2766 λόετε-χωρεῖ,
678 2696 724 2748 ubi
735 2695 819 2748 editur
832 2694 885 2746 θεόν
900 2693 999 2765 βροτόςε
1019 2694 1064 2748 sed
1075 2693 1163 2747 Ursini
1181 2693 1237 2749 cod.
1254 2695 1320 2746 alter
1333 2693 1388 2746 θεόν
1402 2692 1490 2767 βροτόν,

376 2783 441 2833 alter
454 2780 541 2850 βροτός
554 2779 615 2833 θεὸν.
625 2813 657 2821 -
667 2783 747 2851 Χωρεῑ
758 2781 783 2833 h.
794 2782 811 2834 l.
825 2787 864 2833 est
876 2782 957 2850 capit,
970 2786 1000 2832 ut
1009 2797 1050 2850 ap.
1061 2781 1122 2834 Eur.
1132 2781 1208 2849 Hipp.
1219 2780 1267 2831 941
1279 2785 1305 2831 et
1316 2782 1383 2834 alios
1397 2798 1477 2850 saepe.

444 2866 558 2918 4Deum
575 2872 701 2934 tanquam
718 2868 863 2918 mortalem.
898 2866 967 2917 Nam
985 2867 1062 2934 quasi
1078 2865 1157 2919 homo
1180 2870 1232 2929 est,
1256 2882 1339 2933 quum
1362 2867 1432 2918 intra
1453 2865 1491 2917 ho-

376 2950 455 3002 minis
473 2968 566 3019 corpus
589 2952 706 3002 inclusus
730 2951 772 3001 sit.
808 2950 851 3002 Sio
873 2952 1013 3020 paulopost
1031 2947 1138 3001 ἀνάπαυε
1156 2948 1183 3001 δὲ
1201 2951 1273 3018 φῶτα
1291 2956 1317 3001 et
1335 2946 1411 3020 ἄρατε
1429 2952 1492 3020 φῶτα

377 3034 482 3104 γαίηθεν.
501 3032 669 3091 Ἐπιδεόεαθαι
681 3052 701 3086 o.
715 3050 768 3086 aco.
781 3040 810 3086 ut
827 3051 906 3104 supra
917 3052 941 3087 ν.
954 3035 1001 3088 189
1012 3035 1078 3086 τίπτε
1092 3035 1210 3105 χατίζων,
1223 3041 1249 3087 et
1260 3035 1301 3087 Ps.
1313 3036 1423 3105 Phooyl.
1439 3034 1491 3088 103:

377 3116 513 3189 ἀρχόμενος
532 3119 615 3188 φείδου
634 3116 739 3170 πάντων.
759 3117 792 3188 μὴ
810 3118 878 3189 τέρμ’
891 3118 997 3189 ἐπιδεόρ.
1034 3121 1120 3190 (Apud
1139 3122 1259 3190 Apollon.
1275 3120 1361 3176 Rhod.
1381 3122 1406 3177 ⁶2.
1422 3121 1491 3173 lato:

377 3202 432 3255 οὔτε
450 3203 497 3275 γάρ
510 3198 554 3256 ὧδ’
567 3200 814 3274 ἀλκὴν-ἐπιδευόμεθ’,
834 3203 899 3257 ὥστε
918 3246 941 3257 ..
960 3212 1044 3259 verte:
1062 3223 1116 3259 non
1134 3224 1224 3259 sumus
1242 3207 1337 3260 robore
1354 3207 1492 3268 inferiores,

376 3290 393 3343 i.
406 3306 428 3345 e.
447 3289 525 3360 aliis.)

445 3373 574 3446 ὓέπίσχεο
594 3375 624 3431 F.
664 3376 780 3431 Verbum
802 3382 953 3446 corruptum
975 3393 1033 3429 esse
1056 3392 1137 3446 quum
1160 3376 1306 3447 tautologia
1327 3378 1492 3439 domonstrat,

376 3466 433 3515 tum
450 3462 523 3515 elisio
541 3464 670 3531 neglecta.
706 3462 913 3515 Scribendumue
931 3460 1079 3532 ἐπανῐσχευλ

444 3548 455 3581 ⁶
472 3548 492 3602 I.
506 3565 528 3602 e.
547 3565 602 3612 me,
620 3548 712 3613 deum;
729 3549 831 3618 integer
849 3553 875 3600 et
892 3548 995 3600 divinus
1014 3549 1108 3612 evasit,
1125 3554 1267 3617 postquam
1278 3549 1392 3603 vinculis
1403 3549 1493 3603 forma·

377 3649 427 3701 que
444 3631 561 3685 humana
578 3638 618 3685 est
634 3634 768 3686 liberatus.

444 3717 455 3751 ¹
473 3717 613 3771 Sermones
631 3718 659 3771 hi
676 3719 802 3772 formulas
821 3724 847 3771 et
865 3719 981 3771 carmina
999 3718 1161 3787 significant3
1179 3719 1317 3787 genetivus
1335 3726 1362 3772 ot
1378 3721 1410 3772 ad
1423 3721 1492 3772 παύει

376 3803 452 3854 etad
470 3803 593 3873 περίφρων
610 3805 735 3873 pertinet:
753 3802 832 3857 homo
851 3805 995 3857 carminum
1013 3821 1169 3856 arcanorum
1185 3806 1267 3873 perite
1280 3806 1393 3872 absiste,
1411 3813 1438 3859 et
1454 3805 1493 3857 ho·

376 3886 453 3950 mini,
471 3888 488 3939 i.
501 3904 523 3941 e.
540 3892 662 3954 naturae,
681 3906 748 3959 quae
765 3906 835 3942 nunc
853 3888 918 3942 mihi
930 3895 982 3956 est,
1000 3888 1130 3942 humanae
1143 3896 1168 3942 et
1180 3906 1196 3942 a
1208 3890 1256 3942 deo
1268 3890 1401 3957 deflexae,
1419 3892 1493 3944 finem

376 3987 490 4040 impone.

445 4055 455 4088 ⁸
474 4054 517 4107 Sic
535 4055 623 4123 Vigor.
640 4073 686 4125 pro
705 4055 810 4128 τάμνων.
846 4059 906 4113 Non
922 4066 986 4130 puto
1004 4066 1170 4130 unguentum
1188 4061 1251 4125 dici,
1274 4066 1305 4113 ut
1327 4077 1371 4131 ap.
1390 4062 1492 4115 Theocr.

376 4141 400 4194 2.
413 4140 459 4194 59:
482 4138 513 4191 τά
531 4140 605 4209 θρόνα
623 4141 691 4191 ταῦθ’
704 4140 829 4211 ὑπόραξον
848 4147 890 4204 τάς
908 4146 975 4211 τήνω
994 4146 1065 4215 φλιάς
1084 4146 1270 4216 καθυπέρτερον,
1295 4138 1323 4206 ἀς
1346 4144 1381 4199 ἔτι
1399 4147 1439 4199 καὶ
1456 4150 1492 4197 νῦν

376 4224 402 4278 ἐκ
421 4212 492 4297 θυμῷ
511 4225 621 4295 δέδεμαιι
640 4227 685 4278 sed
703 4228 842 4293 verbenas,
861 4231 891 4281 de
910 4248 1022 4299 quarum
1039 4250 1090 4285 usu
1107 4233 1210 4300 magico
1229 4232 1261 4285 cf.
1276 4232 1371 4286 Graes.
1386 4232 1451 4285 thes.
1467 4229 1492 4283 n

375 4328 401 4381 p.
414 4311 473 4365 488.
491 4343 525 4351 -
541 4311 606 4365 Lob.
619 4312 677 4381 Agl.
689 4329 715 4381 p.
727 4311 775 4363 188
794 4314 859 4365 coni.
879 4322 1010 4384 γραμμῶν.

444 4398 455 4431 ⁹
474 4397 495 4448 δ’
513 4414 561 4467 pro
578 4395 618 4463 ἠδ’
635 4398 665 4449 Δ.
820 4397 843 4429 ¹⁰
862 4399 929 4467 γόων
948 4399 1026 4465 CFG,
1044 4400 1161 4472 ἀπογυῶν
1178 4404 1210 4455 Η.

432 4481 455 4514 ¹¹
475 4481 561 4547 νηλέην
573 4482 676 4549 AOFG,
694 4480 784 4548 νειλέην
796 4483 832 4547 Η,
850 4481 947 4548 νηλείην
959 4485 994 4550 Ι),
1013 4488 1108 4556 scripto
1127 4505 1151 4538 αι
1169 4505 1246 4557 super
1264 4488 1290 4539 εί.
1310 4521 1344 4529 -
1361 4490 1425 4544 Lob.
1437 4487 1489 4558 Agl.

378 4564 426 4618 108
444 4565 554 4637 Νειλῴην
572 4569 688 4622 coniicit:
709 4570 832 4634 „linteam
850 4568 987 4622 sindonem
1005 4588 1026 4623 s.
1043 4571 1210 4628 Nilotidem.“
1239 4574 1365 4629 Videlicet
1384 4578 1489 4641 „lineum
