3592 5400
387 465 449 530 120
887 483 979 525 mann
992 486 1011 525 1.

385 645 458 699 πᾶσι
474 633 527 723 μὲν
542 632 639 723 λέγων
653 642 716 707 τοῖς
733 629 811 707 θεοῖς
825 631 904 703 πλήν
918 640 979 693 τῶν
994 628 1117 718 χθονίων
1136 629 1177 693 τὰ
1196 627 1336 693 πετεινά·
1355 629 1458 718 μόνοις
1479 619 1512 694 δὲ

278 772 303 816 ι’,
316 771 360 812 ιιι.
385 757 449 820 τοῖς
466 743 634 818 θαλασσίοις
648 743 690 806 τά
704 742 860 806 κελαινάῑ·
878 745 985 804 οὐκοῦν
996 751 1060 815 τοῖς
1072 739 1175 814 ἄλλοις
1185 738 1291 803 λευκοί.
1307 751 1372 814 τοῖς
1385 729 1411 802 δ’
1423 744 1512 829 ούρα-

387 853 473 931 νίοις2
488 857 539 918 καὶ
554 853 689 942 αἰθερίοις
703 854 744 916 τά
758 850 836 938 ἀκρα
850 862 912 916 τῶν
927 853 1037 939 ἱερείων
1052 855 1168 914 λευκῶν
1183 850 1277 913 ὄντων
1292 854 1447 939 ἀφιεροῦν,
1470 852 1511 915 τοὶ

389 958 422 1032 δὲ
436 966 527 1030 λοιπά
543 964 615 1054 μέρη
631 962 764 1028 ἐσθίειν3
780 967 814 1026 ἐκ
830 963 927 1051 μόνων
942 962 999 1052 γάρ
1014 960 1130 1024 τούτων
1143 960 1272 1049 βρωτέον
1285 984 1339 1040 σοι,
1355 965 1391 1024 ἐκ
1404 951 1438 1024 δὲ
1448 971 1511 1024 τῶν

388 1075 489 1141 ἀλλων
510 1075 580 1167 μή4
602 1080 651 1149 ούς
672 1064 705 1138 δὲ
728 1078 842 1162 εἴρηκεν
863 1077 893 1136 ἐν
914 1083 953 1158 τῇ
975 1062 1113 1160 διαιρέσει
1133 1072 1296 1159 οὐρανίους,
1316 1069 1445 1146 τούτους
1465 1076 1511 1135 έν-

388 1186 488 1251 παῦθα
504 1187 667 1274 ἀστραίους.
735 1202 740 1209 ·

450 1285 516 1385 ’Ἆρ’
532 1290 583 1360 οὖν
600 1286 699 1367 δεήσει
714 1286 918 1386 ἐξηγήσασθαι
937 1304 998 1357 τῶν
1014 1292 1120 1357 θυσιῶν
1139 1293 1180 1356 τοὶ
1200 1291 1337 1380 σύμβολα
1357 1303 1404 1376 τῷ
1427 1297 1511 1358 εύσυ-

389 1407 464 1489 νέτῳ
481 1397 574 1483 δήλας
595 1395 770 1494 τετράποδα
785 1404 837 1494 μὲν
852 1405 909 1495 γάρ
925 1415 988 1479 τοῖς
1003 1402 1126 1492 χθονίοις
1142 1404 1208 1466 καὶὸ
1223 1413 1363 1492 χερσαῖα·
1388 1414 1433 1486 τῷ
1454 1405 1510 1494 γάρ

390 1519 483 1607 ύμοίῳ
498 1519 593 1604 χαίρει
607 1517 643 1578 τύ
661 1516 789 1604 ὅμοιον.6
811 1513 928 1602 χθόνιον
945 1505 977 1581 δὲ
992 1516 1028 1577 τύ
1044 1514 1195 1601 πρόβατον
1210 1515 1262 1576 καὶ
1277 1503 1327 1576 διὰ
1340 1522 1435 1578 τοῦτο
1451 1513 1511 1584 Δή-

392 1650 480 1717 μητρι
497 1627 607 1713 φίλονῗ,
629 1627 679 1687 καὶ
700 1630 730 1690 ἐν
746 1629 859 1713 οὐρανῷ
874 1627 930 1697 τήν
946 1625 1103 1713 ἔκφανσιν8
1123 1629 1158 1687 ἐκ
1172 1634 1227 1698 τῆς
1242 1634 1297 1712 γῆς
1311 1633 1373 1686 τῶν
1388 1633 1510 1712 καρπῶν

385 1734 456 1826 ,μεθ’
471 1737 555 1806 ήλίου
571 1734 698 1823 λοχεύει.
715 1735 848 1825 μέλανα9
871 1725 917 1798 δέ·
937 1735 1064 1805 τοιαύτη
1085 1735 1142 1824 γάρ
1163 1739 1181 1805 ἡ
1203 1744 1244 1824 γῆ
1259 1733 1344 1822 φύσει
1365 1734 1510 1804 σκοτεινή

391 1847 458 1937 τρία
474 1836 519 1910 δὲ·
539 1856 594 1910 τοῦ
614 1847 670 1935 γάρ
687 1856 861 1936 σωματικοῦ
882 1848 933 1910 καὶ
948 1835 1080 1936 γεώδους
1094 1846 1136 1909 τοὶ
1150 1845 1217 1933 τρία
1236 1843 1424 1934 σύμβολον.10
1449 1854 1511 1919 τοῖς

391 2046 560 2110 Ποσειδάωνος
574 2048 669 2100 ἕσσαντ’
683 2047 787 2100 εἰναλίου
800 2049 911 2118 τέμενος,
931 2048 1043 2117 φοίνισσα
1056 2046 1082 2098 δὲ
1094 2046 1216 2116 Θρηικίων
1230 2045 1308 2117 ἀγέλα
1320 2046 1419 2116 ταύρων
1437 2045 1511 2117 ὑπᾶρ-

392 2153 444 2205 χεν,
456 2137 537 2187 maris
549 2135 695 2187 colorifero
707 2135 874 2202 respondent.
897 2133 970 2185 Idem
981 2132 1054 2186 Pind.
1068 2133 1108 2186 01.
1124 2131 1163 2184 13.
1176 2132 1211 2184 99.
1221 2131 1277 2199 (69)
1291 2131 1397 2201 Δαμαίῳ
1411 2171 1417 2182 .
1429 2172 1435 2182 .
1448 2132 1510 2182 θύων

392 2225 481 2288 ταῦρον
495 2217 603 2289 ἀργᾶντα
615 2219 701 2285 πατρί,
717 2220 734 2270 i.
745 2236 766 2270 e.
779 2219 915 2287 Neptuno,
933 2234 993 2269 curn
1010 2219 1142 2270 veteribus
1159 2216 1307 2269 scholiastis
1323 2217 1458 2286 putandus
1474 2221 1511 2268 est

393 2304 541 2374 significare
554 2303 610 2363 τούς
624 2302 663 2353 διὰ
674 2302 746 2362 λίπος
759 2302 813 2368 ἤτοι
825 2300 929 2371 πιμελὴν
942 2301 1045 2372 ἀργούς,
1058 2303 1134 2372 adipe
1147 2302 1321 2372 splendentes.

462 2390 471 2422 ¹
491 2385 693 2439 πᾶσι-κελαιναί
705 2405 755 2440 om.
768 2389 803 2452 H,
817 2384 1026 2453 πλὴν-κελαιναί
1038 2389 1157 2439 omittere
1168 2388 1192 2438 A
1203 2387 1286 2439 credit
1298 2385 1381 2440 Gaisf.

463 2473 474 2508 ²
491 2491 517 2524 τε
530 2473 580 2527 adi.
598 2472 652 2525 ΑΗ.
807 2473 818 2508 ⁸
837 2472 936 2542 Supple
948 2471 1147 2541 παρακελεύεται.

461 2560 472 2592 ⁴
491 2558 592 2629 Ubique
604 2557 762 2628 Porphyrius
775 2572 814 2610 ex·
827 2559 924 2611 oraculi
942 2558 1045 2609 silentio
1063 2558 1257 2613 conclusionem
1273 2557 1338 2608 iacit
1354 2562 1393 2620 et,
1411 2557 1436 2609 si
1452 2556 1511 2626 quid

286 2686 287 2691 ι
309 2695 311 2698 ,
394 2646 543 2716 oppositum
555 2645 601 2709 sit,
615 2645 774 2696 contrarium
787 2660 843 2695 esse
857 2643 964 2713 colligit.

462 2731 472 2762 ⁵
492 2747 542 2781 orn.
555 2730 609 2782 ΑΗ.
629 2729 700 2791 Quae
714 2730 746 2781 ab
758 2728 834 2798 aquis
847 2730 933 2781 aliena
945 2729 977 2780 ad
989 2736 1085 2781 terram
1096 2730 1235 2798 pertinent.
1530 2776 1534 2789 ,

462 2815 472 2847 ⁶
491 2814 686 2868 Sch.Il.3.103:
700 2818 778 2864 ταῦτα
790 2811 870 2883 (ἄρνε)
884 2812 911 2864 δὲ
923 2814 1020 2865 θύουσιν
1033 2813 1125 2883 (Ἡλίῳ
1138 2814 1178 2865 καί
1190 2814 1224 2883 Γῇ
1234 2815 1250 2883 l,
1260 2812 1311 2863 ἐπεὶ
1324 2815 1474 2884 καρποφόρα
1485 2832 1511 2883 τῃ

394 2899 471 2967 τριχί·
485 2899 525 2949 καί
536 2897 604 2962 ἥλιος
617 2897 643 2948 δὲ
656 2899 696 2949 καί
712 2902 744 2967 γῆ
758 2896 821 2949 αἰτία
833 2902 883 2949 τῶν
896 2902 1006 2968 καρπῶν.
1026 2899 1078 2951 Gur
1095 2904 1199 2963 taurus,
1212 2898 1325 2963 hoedus,
1342 2915 1439 2967 porcus
1448 2899 1513 2968 Nep-

382 2990 457 3035 tuno
469 2983 645 3053 immolent-ur,
658 3000 692 3034 ex
704 2985 784 3035 maris
797 2983 966 3037 similitudine
978 2985 1051 3037 Eust.
1061 2984 1094 3036 ad
1107 2984 1154 3037 Od.
1169 2984 1207 3035 la.
1223 2983 1272 3035 130
1283 2984 1409 3053 explicat
1427 2985 1513 3053 Equos

394 3066 481 3119 fluviis
490 3066 630 3117 sacrificari
639 3066 693 3121 sch.
700 3068 729 3119 ll.
736 3068 776 3119 21.
786 3068 834 3119 132
843 3069 880 3120 ait
888 3069 955 3133 ideo,
966 3069 1036 3138 quod
1046 3069 1077 3119 τὰ
1087 3067 1278 3137 ὁρμητικώτατα
1288 3070 1337 3118 τῶν
1348 3070 1423 3137 ζῴων
1434 3068 1513 3129 αὐτοῖς

395 3149 499 3219 ἀφιᾶσιν.
517 3150 625 3205 Paus.3.
634 3151 707 3204 119:
722 3150 884 3222 Therapnaei
897 3153 1010 3205 σκύλακα
1023 3153 1093 3215 κυνὸς
1106 3158 1143 3223 τῷ
1155 3152 1279 3222 Ἐνυαλίῳ
1293 3153 1391 3221 θύουσι,
1405 3154 1467 3205 θεῶν
1479 3158 1514 3223 τῷ

396 3232 561 3306 ἀλκιμωτάτῳ
575 3235 693 3305 κρίνοντες
705 3236 789 3307 ίερείον
800 3237 863 3289 κατὰ
872 3238 973 3308 ’γνώμην
983 3232 1042 3291 εἶναι
1051 3238 1079 3289 rb
1090 3237 1262 3306 ἀλκιμώτατον
1272 3239 1338 3307 ζῷον
1348 3240 1398 3287 τῶν
1408 3237 1513 3308 ἡμέρων.

314 3371 316 3373 ,
395 3321 467 3376 Serv.
484 3322 516 3373 ad
528 3322 607 3389 Verg.
628 3322 674 3376 Ge.
690 3323 713 3375 2.
726 3322 788 3375 380:
808 3324 944 3387 „victimae
962 3322 1113 3376 numinibus
1130 3330 1176 3377 aut
1190 3340 1237 3392 per
1254 3323 1454 3376 similitudinem
1472 3329 1515 3375 ant

315 3471 320 3480 Ι
394 3423 441 3477 per
453 3407 662 3459 contrarietatem
674 3408 885 3461 immolabantur.
908 3408 957 3460 Per
969 3409 1178 3472 similitudinem,
1195 3414 1225 3460 ut
1239 3409 1347 3477 nigrum
1362 3424 1445 3477 pecus
1456 3409 1514 3463 Plu-

395 3492 452 3543 toni
465 3532 471 3543 .
482 3497 505 3545 .“
525 3493 583 3543 Alia
596 3493 671 3544 attuli
681 3509 707 3562 p.
718 3493 766 3545 113
778 3500 832 3546 not.
842 3495 866 3548 4.

464 3577 473 3611 ⁷
492 3576 569 3630 Paus.
584 3576 605 3629 1.
616 3576 657 3628 44.
667 3578 696 3629 4:
709 3579 776 3629 inter
784 3579 893 3647 Megara
905 3585 932 3630 et
940 3578 1062 3631 Nisaeam
1074 3578 1137 3648 ίερδν
1148 3578 1277 3648 Δήμητρός
1290 3575 1341 3628 ἐστι
1351 3577 1514 3648 Μαλοφόρου.

396 3660 526 3730 λέγεται..
545 3661 601 3721 τούς
618 3661 730 3731 πρώτους
748 3662 862 3731 πρόβατα
878 3662 902 3713 ἐν
921 3668 994 3733 τῇγῇ
1012 3662 1145 3733 θρέψαντας
1159 3663 1277 3732 Δήμητρα
1295 3658 1417 3732 ὀνομάσαι
1430 3664 1516 3717 Μαλο-

397 3746 481 3816 φόρον.
500 3746 578 3814 Verg.
588 3747 652 3798 Aen.
661 3747 686 3798 4.
696 3746 741 3799 57:
754 3747 820 3800 Dido
833 3752 859 3799 et
870 3748 947 3800 Anna
961 3753 1093 3812 „mactant
1102 3754 1185 3800 tectas
1199 3748 1230 3799 de
1241 3763 1315 3800 more
1326 3748 1442 3801 bidentis
1454 3750 1516 3819 legi·

395 3829 466 3881 ferae
477 3829 586 3882 Generi.“
605 3831 712 3900 Eupolis
722 3832 834 3883 Maricae
845 3832 877 3886 ir.
885 3832 999 3885 7-Mein.:
1013 3832 1083 3883 θῦσαι
1092 3834 1141 3902 γάρ
1154 3850 1184 3901 με
1193 3832 1230 3883 δεῖ
1239 3831 1306 3901 κρίον
1316 3833 1386 3904 Χλύῃ
1396 3835 1515 3905 Δήμητρι.

466 3914 476 3947 ⁸
494 3911 623 3981 ἐκφίινησιν
635 3916 689 3967 ΑΗ.
707 3917 832 3981 Arietem,
844 3918 958 3985 primum
970 3918 1068 3969 zodiaci
1080 3918 1165 3982 sidus,
1177 3918 1245 3970 veris
1258 3919 1378 3987 signum,
1390 3936 1446 3973 una
1457 3937 1516 3973 cnm

397 3996 452 4049 sole
465 4014 499 4049 ex
511 4002 579 4049 terra
591 4003 693 4067 segetes
706 4001 742 4052 ait
754 4002 853 4054 elicere.

465 4081 476 4114 ⁹
495 4080 709 4150 pertinencia.
726 4084 764 4136 De
776 4102 804 4136 re
815 4102 841 4154 p.
855 4085 903 4138 113
914 4092 969 4139 not.
982 4088 1006 4139 4.

451 4166 475 4200 ¹⁰
493 4166 537 4219 Sic
546 4165 642 4219 Bona.
654 4168 740 4237 Vulgo
750 4168 873 4238 σύμβολα.
889 4171 929 4223 Ita
937 4171 1031 4241 Porph.
1041 4176 1113 4242 τριχῇ
1123 4173 1246 4242 explicat.
1261 4173 1413 4227 Secundum
1421 4175 1515 4244 Pytha·

397 4267 491 4321 goreos
499 4252 1085 4327 quosdamtriasignificabantcorpuspropter
1092 4264 1143 4309 tres
1152 4258 1335 4311 dimensiones.
1354 4259 1514 4315 Cf.Boeclrh.

396 4336 506 4390 Philolai
517 4355 542 4407 p.
555 4338 610 4391 157.
627 4337 669 4390 'Eo
682 4338 793 4390 fortasse
804 4339 972 4392 Parmenides
984 4340 1129 4394 deduxerat
1140 4359 1181 4412 ap.
1193 4341 1247 4396 Ioh.
1259 4344 1325 4411 Lyd.
1338 4362 1396 4399 exc.
1411 4347 1443 4400 15
1456 4352 1515 4399 ante

396 4421 477 4473 libros
490 4421 520 4473 de
532 4440 615 4477 mens.
628 4423 679 4493 (ed.
692 4422 828 4493 Roether):
842 4423 920 4483 ούτως
933 4421 980 4494 γάρ
992 4425 1050 4494 ἡμῖν
1063 4427 1230 4495 παραδίδωσιν
1244 4425 1257 4479 ὁ
1269 4428 1437 4499 Παρμενίδης,
1449 4432 1515 4501 πρώ-

397 4522 468 4559 τιστα
485 4504 527 4580 μὲν
540 4507 570 4560 τὰ
582 4506 670 4579 νοητά,
689 4509 789 4583 δεύτερα
805 4508 836 4565 τὰ
853 4506 877 4560 ἐν
895 4512 946 4570 τοῖς
963 4507 1074 4584 ἀριθμοῖς
1086 4512 1156 4584 τρίτα
1171 4508 1202 4568 rb
1214 4512 1349 4569 συνεκτικά.
1366 4515 1408 4570 Ex
1419 4516 1515 4590 Pytha-
