3592 5400
785 651 893 697 ιιοτιτ.
1282 633 1324 695 29

390 843 461 917 Quo
483 842 558 910 haee
580 843 680 910 omnia
703 843 887 932 pertineant,
911 842 1038 930 quisque
1060 841 1155 909 videt:
1177 841 1324 909 obtrecta-

344 988 443 1049 torum
477 989 507 1049 et
535 983 707 1048 invidorum
737 982 867 1048 insulsas
899 980 1015 1048 fabulas
1046 985 1216 1063 mittemus;
1247 984 1327 1049 inter

346 1121 503 1188 Platonem
535 1128 566 1188 et
592 1123 786 1188 An'stotelem
810 1123 973 1188 discidium
996 1123 1119 1209 aliquod
1141 1124 1234 1189 fuisse
1256 1145 1324 1211 pro·

346 1261 445 1327 babile
475 1267 536 1327 est:
566 1284 621 1327 neo
651 1266 751 1328 tumen
773 1261 877 1327 odium
902 1267 954 1328 sut
976 1261 1092 1327 invidia
1113 1262 1265 1340 interfuit,
1290 1267 1325 1327 ut

346 1400 421 1466 bene
454 1407 555 1467 noster
588 1401 773 1467 demonstrat
806 1425 844 1467 ex
877 1401 953 1488 ipsis
986 1400 1160 1467 Aristotelis
1195 1401 1324 1489 seriptis.

346 1540 469 1614 Quanta
499 1541 663 1607 reverentia
696 1545 727 1606 et
757 1539 944 1606 humanitate
973 1539 1024 1604 hie
1054 1539 1091 1605 de
1114 1540 1259 1628 magistro
1280 1539 1325 1604 lo·

345 1679 470 1766 quitml
502 1679 602 1745 Ethie.
632 1679 753 1744 Nicom.
783 1680 810 1744 I.
842 1684 872 1744 4.
901 1679 937 1742 τὸ
961 1677 995 1743 δὲ
1021 1676 1168 1743 καθόλου
1191 1676 1325 1765 βέλτιον

345 1817 424 1893 ἴσως
459 1816 707 1904 ἐπισκέψασθαι
743 1820 799 1882 καὶ
836 1816 1034 1902 διαπορῆσαι
1070 1819 1139 1892 πῶς
1174 1815 1323 1897 λέγεται,

348 1958 465 2043 καίπερ
489 1962 693 2043 προσάντονς
717 1965 773 2040 τῆς
797 1962 951 2041 τοιαύτης
972 1956 1130 2041 ζητήσεως
1150 1955 1325 2040 γινομένης

347 2095 404 2160 διὰ
436 2099 471 2161 τὸ
503 2095 619 2181 φίλους
648 2095 773 2182 ἄνδρας
806 2098 994 2175 εἷσαγαγεῖν
1027 2099 1068 2160 τὰ
1100 2095 1183 2180 εἴδη.
1222 2095 1324 2171 δόξειε

348 2234 436 2302 δ’διν
466 2236 542 2311 ἰ’σως
574 2234 707 2323 βέλτιον
739 2227 824 2301 εἶναι
858 2238 913 2299 καὶ
948 2234 1017 2301 δεῖν
1046 2237 1100 2299 ἐπὶ
1125 2236 1265 2320 σωτηρίᾳ
1289 2260 1324 2310 γε

348 2382 405 2458 τῆς
433 2372 595 2461 α’ληθεέας
625 2377 679 2440 καλ
710 2379 751 2439 τὰ
775 2377 881 2439 οἰκεῖα
905 2374 1056 2460 ἀναιρεῖν
1079 2372 1187 2448 ἄλλως
1211 2399 1244 2438 τε
1269 2375 1325 2437 καὶ

347 2513 545 2600 φιλοσόφονς
576 2518 687 2591 ὄντας·
721 2514 844 2598 οἷμφοῐν
877 2518 938 2600 γὰρ
963 2517 1075 2580 ὄντοιν
1099 2511 1210 2597 φίλοιν
1234 2515 1325 2579 ὅσιον

348 2661 513 2741 προτιμᾶν
544 2661 604 2738 τὴν
634 2652 809 2737 ἀληθειαν.
835 2693 877 2705 -
901 2656 986 2721 qura
1007 2660 1109 2721 noster
1131 2662 1166 2721 ut
1188 2655 1327 2721 ostendat

348 2803 434 2884 grato
465 2820 536 2884 erga
566 2797 744 2884 magistrum
776 2797 875 2861 animo
906 2797 1000 2862 fuisse
1030 2795 1223 2861 Aristotelem
1254 2794 1326 2861 haec

348 2939 449 3002 affert:
471 2936 586 3022 “εἰ’περ
607 2941 668 3021 γάρ
690 2962 739 3011 τις
758 2934 860 3011 ἄλλος
880 2936 1035 3019 φαίνεται
1052 2938 1070 2999 ό
1086 2932 1325 3021 Ἀριστοτέλης

349 3075 664 3163 καταπεπληγμένος
681 3074 863 3157 Πλάτωνα,
882 3077 1054 3161 ἐπιγράφει
1072 3078 1133 3161 γὰρ
1147 3078 1192 3149 εἰς
1205 3073 1323 3153 αὐτὸν,

395 3280 515 3363 Βωμὸν
540 3276 778 3363 Ἀριστοτέλης
804 3277 957 3363 ἱδρύσατο
981 3276 1076 3344 τόνδε
1100 3275 1271 3355 Πλάτωνι,

350 3470 406 3532 καὶ
430 3465 575 3555 α’λλαχοῦ
600 3470 673 3554 περὶ
698 3466 798 3532 αὐτοῦ
822 3468 934 3552 φησίν·

394 3656 554 3744 Ἀνδρός,
578 3659 616 3722 ὃν
641 3655 710 3722 οὐδ’
736 3659 842 3723 αἰνεῖν
868 3662 953 3720 τοῖσι
978 3660 1107 3719 κακοῖσι
1133 3652 1272 3736 dipem„

393 3858 480 3932 Quae
508 3858 615 3924 melius
645 3857 789 3945 leguntur
820 3857 853 3922 in
884 3856 1031 3921 Versiuue
1061 3856 1099 3921 V.
1130 3856 1165 3920 L.
1194 3860 1224 3919 et
1246 3856 1323 3942 apud

349 3997 693 4075 Pseudo-Ammonium‚
716 3996 768 4062 ills
791 3995 894 4061 habet:
921 4004 1022 4061 “aram
1043 3996 1228 4060 consecravit
1246 3995 1272 4059 ei
1292 3995 1324 4059 iu

348 4160 408 4224 qua
431 4136 551 4224 scripsit
572 4137 631 4202 ita:

436 4330 529 4393 Aram
551 4324 729 4391 Aristoteles
751 4323 891 4391 fundavit
913 4322 991 4389 haue
1013 4322 1149 4389 Platonis

437 4467 520 4545 Viri,
544 4490 633 4553 quem
656 4488 718 4532 nou
740 4471 785 4532 est
807 4464 987 4531 couveniens
1010 4462 1097 4528 malis
1119 4462 1247 4529 laudare.
