3592 5400
544 499 642 542 CAPUT
655 498 697 541 Π.
719 499 761 541 DE
776 498 982 542 ORACULORUH
996 497 1196 544 CORPORIBUS.
1386 476 1427 541 59

306 675 380 715 esse.
404 654 485 730 Quid
496 654 616 724 mirum,
629 654 655 712 si
665 653 817 712 Phliasius
828 653 906 732 apud
918 654 1046 713 Arcades
1057 654 1242 723 versabatur,
1257 671 1346 730 quum
1356 672 1426 731 gen·

306 776 350 826 tas
363 767 479 825 melnae
494 765 612 824 essent?

368 878 461 937 Tales
475 885 573 936 autem
588 877 756 936 sacerdotes
770 877 832 935 sive
851 878 1011 954 prophetae
1025 877 1081 935 etsi
1102 876 1283 952 scripserunt
1302 875 1425 946 somnia,

306 997 403 1048 tamen
422 987 533 1064 publici
556 988 628 1046 iuris
647 1008 705 1046 non
720 988 865 1058 feceruut,
889 989 942 1046 sed
960 989 1039 1046 intra
1058 987 1233 1065 templorum
1248 987 1426 1065 singulorum

306 1109 390 1178 septa
401 1100 615 1157 continuerunt.
640 1097 804 1175 Scriptores
815 1099 1005 1158 divinationis
1019 1118 1055 1156 ex
1065 1099 1186 1158 somniis
1198 1098 1341 1175 petendae
1352 1099 1425 1158 Ter·

306 1211 447 1269 tullianus
462 1211 612 1268 deauima
627 1229 651 1267 ο.
665 1211 705 1268 46
726 1217 892 1268 enumerat:
915 1210 1047 1284 „Quanti
1066 1218 1165 1269 autem
1184 1216 1424 1269 commentatores

305 1331 335 1379 et
344 1322 539 1380 affirmatores
550 1322 581 1378 in
593 1319 1425 1398 haucremArtemon,Antiphon‚Strato,Philo·

305 1435 450 1503 chorus,
470 1433 725 1508 Epicharmus,
747 1431 942 1509 Serapion,
966 1427 1164 1509 Cratippus
1180 1440 1209 1489 et
1222 1431 1424 1507 Dionysius

304 1544 455 1613 Rhodius,
481 1543 714 1619 Hermippus,
740 1550 803 1601 tota
828 1543 939 1601 saeculi
964 1522 1161 1602 litteratura1“
1189 1543 1265 1602 Tum
1287 1542 1423 1620 Fulgent.

304 1654 425 1731 mythol.
442 1655 468 1711 1.
484 1656 536 1712 13:
555 1655 614 1727 „At
627 1673 695 1712 vero
707 1654 801 1712 amica
811 1653 959 1730 Apollinis
972 1647 1119 1733 (Daphne)
1135 1655 1172 1713 ob
1188 1655 1263 1712 hanc
1273 1673 1334 1711 rem
1349 1652 1425 1712 voci·

304 1773 367 1823 tata
380 1772 441 1835 est,
457 1765 526 1840 quia
540 1765 598 1835 illi,
616 1765 663 1840 qui
680 1765 716 1822 de
731 1765 972 1842 interpretatione
988 1765 1164 1823 somniorum
1180 1765 1373 1840 scripserunt,
1393 1771 1425 1821 ut

303 1875 507 1952 Antiphon,
522 1876 764 1934 Philochorus
779 1883 809 1933 et
823 1879 993 1935 Artemon
1008 1883 1037 1935 et
1052 1874 1228 1952 Serapion
1239 1873 1423 1934 Ascalonitcs

302 1986 478 2064 promittuut
493 1987 523 2044 in
538 1987 622 2046 libris
638 1988 714 2057 suis,
731 1987 845 2046 laurum
860 1986 886 2045 si
902 1987 1112 2046 dormientibus
1127 1987 1164 2043 ad
1179 1993 1266 2062 caput
1279 1984 1422 2062 posueris,

302 2117 372 2156 vera
387 2097 502 2156 somnia
516 2116 581 2156 csse
596 2094 740 2156 visuros.“
757 2100 819 2175 Age
834 2099 893 2156 iam
909 2098 1039 2176 singulos
1055 2097 1280 2156 consideremus.

368 2207 449 2268 Suid.
477 2199 664 2292 Ἀντιφῶν
690 2200 858 2282 Ἀθηναῖος,
886 2202 1109 2292 τερατοσκόπος
1134 2203 1185 2265 καὶ
1209 2201 1348 2277 ἐποποιός
1373 2201 1443 2278 καίἸ
1497 2212 1504 2226 ’

302 2292 458 2400 σόφιστιίς.
480 2317 620 2378 ἐκαλεῖτο
633 2303 666 2377 di
680 2313 912 2404 Λογομάγειρος
926 2363 952 2377 ..
968 2311 1112 2403 Ἀντιφῶν
1128 2311 1293 2392 Ἀθηναῖος,
1314 2317 1422 2402 ὀνειρο·

301 2425 410 2512 κρίτος
431 2425 498 2512 περὶ
517 2425 638 2512 κρίσεως
660 2425 779 2512 ὀνείρων
798 2420 934 2514 ἔγραψεν.
964 2431 1164 2509 Hermogenes
1186 2449 1216 2488 π.
1240 2415 1327 2488 ἰδεῶν
1347 2430 1420 2489 lii

303 2535 415 2618 (Rhett.
437 2542 482 2600 ed.
497 2541 593 2600 Walz.
609 2541 654 2598 ΠΙ
667 2561 696 2618 p.
711 2535 799 2619 386):
821 2535 920 2623 ἕτερος
942 2524 975 2598 δὲ
998 2526 1156 2624 (Ἀντιφῶν
1177 2528 1384 2628 σοφιστεύσας)
1405 2538 1422 2598 d

302 2648 354 2711 καὶ
367 2645 590 2736 τερατοσκόπος
605 2647 656 2709 καὶ
671 2647 865 2735 ὀνειροκρίτης
876 2646 1038 2737 λεγόμενος
1051 2643 1201 2735 γενέσθαι,
1217 2638 1306 2734 οὗπερ
1319 2645 1422 2734 οἱπερὶ

299 2769 355 2833 τῆς
377 2754 518 2832 ἀληθείας
540 2756 680 2847 λέγονται
702 2758 815 2847 λόγοιῙ.
844 2765 946 2823 Tzetz.
966 2784 1004 2841 ap
1023 2763 1230 2822 Ruhnkenium
1253 2756 1344 2841 (Patr.
1365 2781 1421 2821 van

301 2873 413 2953 Spaan)
429 2874 465 2931 de
476 2875 655 2951 Antiphoute
669 2875 701 2931 in
715 2874 838 2934 oratoris
855 2876 899 2932 ed.
912 2874 1062 2934 Dohsonis
1074 2873 1258 2933 Londinensi
1274 2867 1311 2954 (a.
1328 2866 1420 2952 1828)

299 3006 328 3062 p.
344 2987 375 3046 6:
393 2982 409 3041 ὁ
429 2978 651 3068 τερατοσκόπος
670 2976 814 3068 Ἀντιφῶν
834 2973 870 3053 ἦν
890 2970 1088 3071 Ἀλεξάνδρου
1108 2976 1246 3070 γρόνοιςί.
1275 2986 1420 3047 Artificio-

353 3193 361 3225 ¹
385 3191 472 3243 Verba
489 3192 617 3260 quaedam
640 3208 673 3243 ex
696 3192 786 3245 librol
803 3192 898 3245 Suidas
921 3193 997 3246 affert
1014 3210 1035 3245 s.
1049 3210 1073 3247 v.
1093 3191 1207 3260 ἀδέητος,
1230 3193 1283 3244 alia
1306 3192 1420 3248 Galenus

299 3278 328 3329 in
346 3277 468 3345 Hippocr.
490 3276 521 3328 de
538 3276 632 3328 medici
651 3276 694 3331 off.
714 3282 777 3332 tom,
790 3276 827 3331 18.
841 3278 857 3329 2
869 3296 894 3347 p.
906 3278 956 3330 656
973 3279 1014 3333 ed.
1032 3278 1158 3341 Kuehnii‚
1182 3279 1311 3346 sagaciter
1333 3294 1420 3330 emen·

299 3362 360 3413 data
382 3378 399 3412 a
415 3360 560 3429 Bernaysio
584 3378 652 3416 mus.
672 3360 753 3414 Rhen.
773 3379 796 3416 a.
813 3362 878 3415 1853
895 3381 922 3432 p.
936 3364 1051 3417 dhdnot.
1087 3362 1123 3414 Ut
1138 3362 1164 3415 h.
1178 3364 1209 3426 1.,
1226 3363 1264 3414 ita
1281 3364 1360 3414 etiam
1378 3379 1419 3431 ap.
1513 3343 1521 3361 ’

299 3446 373 3499 Stob.
386 3447 433 3498 ecl
446 3445 522 3515 phys.
538 3447 560 3499 1.
573 3446 614 3498 41).
632 3464 658 3515 p.
668 3446 718 3499 252
736 3447 776 3499 ed.
800 3448 921 3500 Heerenii
944 3449 1064 3500 notiones
1081 3449 1216 3515 generales
1233 3465 1288 3499 non
1309 3464 1351 3510 re,
1374 3448 1420 3500 sod

299 3532 460 3601 cogitatione
477 3536 596 3583 constare
614 3533 659 3586 ait.
690 3530 832 3601 ’Ἀντιφάνης
850 3532 891 3583 καὶ
901 3532 1037 3601 Κριτόλαος
1054 3532 1209 3601 (Phaselita,
1226 3531 1420 3601 Peripateticus,

299 3635 323 3671 a.
338 3617 386 3669 155
404 3618 506 3685 legatus
525 3617 648 3685 Romam)
667 3620 748 3687 νόημα
765 3620 780 3683 ἢ
800 3618 888 3687 μέτρον
907 3616 949 3668 τὀν
967 3618 1071 3687 χρόνον,
1095 3616 1144 3687 οὐχ
1161 3616 1296 3667 ὑπόστασιν
1314 3610 1418 3687 (εἶπον)

298 3702 350 3754 Ubi
368 3706 437 3753 reete
454 3701 597 3754 lleerenius
615 3708 678 3757 tom.
693 3703 716 3755 2.
730 3703 745 3754 2
757 3721 782 3773 p.
796 3703 843 3755 149
861 3701 982 3771 Ἀντιφῶν
1000 3703 1154 3755 emendavit.

351 3787 362 3819 ²
385 3786 476 3854 ltaque
494 3804 547 3838 nou
564 3786 617 3851 hic,
640 3788 685 3839 sed
704 3789 866 3856 cognominis
885 3787 1013 3857 sophista,
1037 3804 1116 3857 quem
1132 3788 1310 3857 Hermogenes
1333 3789 1419 3858 priore

298 3874 357 3924 loco
375 3872 464 3940 pouit,
483 3888 544 3923 cum
562 3873 668 3925 Socrate
687 3873 789 3925 disserit
807 3890 848 3943 ap.
861 3873 931 3927 Xan.
944 3874 1022 3925 Mem.
1038 3873 1059 3928 1.
1073 3873 1097 3927 6.
1130 3872 1282 3942 Sophistam
1299 3874 1419 3927 distincte

269 4016 271 4020 y
296 3956 448 4025 Xenophon
464 3963 553 4020 νοστῶ
570 3957 640 4009 haud
656 3963 725 4010 recte
743 3959 823 4027 igitur
841 3958 948 4027 quidam
964 3963 1081 4011 veterum
1099 3959 1266 4025 dubitabant,
1288 3977 1322 4013 an
1340 3962 1419 4029 poeta

296 4043 343 4093 ille
365 4042 496 4110 tragicus,
525 4043 570 4110 qni
592 4048 652 4112 post
674 4042 805 4112 Euripidis
828 4048 952 4108 mortem,
979 4050 1040 4096 anto
1060 4044 1228 4097 Aristotelem
1247 4044 1368 4110 florebat,
1395 4047 1417 4097 is

297 4131 380 4190 esset,
398 4126 640 4195 quocumSoerates
660 4128 825 4197 disputasset
843 4127 937 4181 Athen.
953 4128 992 4183 15.
1009 4129 1039 4181 15
1051 4129 1138 4198 11673
1151 4146 1177 4182 e:
1196 4130 1282 4193 Quum
1291 4131 1417 4183 Adrastus

296 4212 394 4263 librum
421 4211 545 4264 edidisset
567 4213 621 4281 aspi
644 4215 693 4263 τῶν
716 4211 739 4263 έν
762 4216 812 4273 τοῖς
830 4212 923 4278 ἠθικοῖς
946 4211 1132 4282 Ἀριστοτέλους
1155 4216 1223 4283 (καθ’
1245 4215 1353 4283 ἱστορίαν
1377 4214 1417 4265 καλ

296 4295 361 4355 λέξιν
379 4296 557 4366 ζητουμένων),
579 4296 603 4347 έν
622 4291 656 4357 οἷς
675 4294 824 4367 ἀμφιλαφῶς
842 4298 1010 4368 παραθεμένου
1028 4317 1053 4350 π.
1073 4304 1117 4350 τοῦ
1135 4300 1202 4369 παρὰ
1219 4298 1363 4367 ’Ἀντιφῶντι
1379 4304 1416 4368 τῷ

296 4380 490 4449 τραγῳδιοποιῷ
509 4381 593 4449 (cuius
615 4383 708 4451 poetae
729 4399 820 4436 versus
838 4384 991 4437 Aristoteles
1015 4401 1097 4453 quum
1120 4386 1184 4436 alias
1202 4385 1336 4448 attulerat,
1359 4389 1417 4436 tum

296 4467 324 4517 in
343 4463 394 4518 eth.
407 4465 534 4519 Eudem.
552 4466 577 4521 7.
590 4468 618 4535 4)
636 4466 795 4536 Πληξίππου,
813 4468 855 4519 κα1
873 4468 977 4519 πλεῖστα
995 4466 1043 4520 dna
1060 4469 1101 4520 καὶ
1119 4468 1173 4537 περὶ
1191 4467 1266 4519 αὐτοῦ
1284 4472 1328 4519 τοῦ
1338 4466 1416 4519 Ἀντι-

297 4551 394 4619 φῶντος
417 4547 539 4619 εἰπόντος,
559 4590 582 4602 ..
602 4550 781 4623 )Ἧφαιοτίων)
803 4550 928 4626 ἐπέγραψέ
948 4570 970 4603 τι
993 4553 1086 4623 βιβλίον
1108 4572 1134 4604 π.
1147 4570 1170 4608 τ.
1189 4552 1256 4627 παρὰ
1276 4553 1416 4627 Ξενοφῶντι
