3592 5400
537 507 634 550 carus
648 507 680 550 11.
703 507 745 548 nn
760 507 917 550 munerun
932 507 1042 550 rosen.
1059 506 1212 551 rumore.
1391 488 1430 551 19

310 678 396 718 usum
411 678 477 721 esse
491 661 614 730 scholis,
636 679 724 736 quum
744 661 809 737 ipso
829 662 892 719 eius
912 661 1052 738 magistro
1066 662 1230 738 Porphyrio
1250 662 1293 719 uti
1311 661 1432 720 liceret?

311 771 396 845 Quae
411 771 569 828 difficultas
583 771 626 828 ita
641 772 874 830 commodissime
890 773 1027 842 solvitur,
1051 779 1083 828 ut
1096 772 1287 830 Iamblichnm
1303 772 1432 832 Anatolii

291 942 294 947 ,
311 882 485 958 discipulum
501 881 593 940 fuisse
608 882 782 940 arbitremur
796 899 853 957 quo
868 889 998 959 tempore
1014 883 1196 958 Porphyrius
1219 882 1249 938 in
1266 880 1368 941 Sicilia
1383 884 1433 941 de-

309 998 406 1069 geret3
426 991 507 1050 illius
522 992 710 1068 discipulum,
732 1012 820 1067 quum
840 993 983 1069 Lilybaeo
998 992 1122 1050 Romam
1143 992 1320 1051 revertisset.
1348 993 1433 1051 Nihil

310 1103 498 1177 quaestiones
509 1102 681 1161 Homericos
693 1104 841 1161 continere
852 1103 929 1173 dixi,
942 1103 1018 1177 quod
1030 1103 1140 1161 Plotini
1152 1103 1314 1163 doctrinam
1327 1103 1432 1178 sapiat.

310 1211 422 1270 Omnia
434 1213 524 1291 igitur
538 1232 571 1271 eo
586 1231 639 1271 nos
654 1213 815 1284 deducunt,
838 1221 870 1270 ut
892 1214 986 1290 primo
1001 1232 1077 1271 anno
1093 1214 1218 1289 scriptas
1233 1231 1300 1272 esse
1314 1231 1432 1272 censea-

311 1342 391 1393 mus,
407 1341 463 1398 quo
478 1323 661 1400 Porphyrius
676 1324 787 1381 Romae
802 1319 972 1381 habitaret¹.

375 1433 454 1492 Num
469 1453 536 1492 vero
556 1433 623 1491 inde
644 1433 794 1507 sequitur,
810 1441 844 1490 nt
858 1435 971 1492 Romae
991 1434 1106 1492 demum
1126 1434 1285 1492 Homerum
1308 1441 1433 1492 tractare

311 1543 457 1620 coeperit?
485 1542 564 1603 Num
585 1562 728 1602 summum
748 1549 879 1619 poe'tam,
901 1563 991 1620 aquo
1006 1545 1097 1603 ceteri
1114 1545 1275 1603 studiorum
1290 1553 1433 1622 gramma-

310 1654 433 1711 ticorum
452 1654 569 1711 initium
592 1671 696 1729 capere
709 1655 860 1724 solerent,
888 1654 967 1712 inter
988 1675 1024 1712 ea
1045 1657 1112 1732 ipsa
1133 1656 1273 1713 intactum
1296 1654 1434 1729 reliquit?

310 1764 434 1822 Minime
453 1783 530 1822 vero.
558 1764 635 1822 Nam
656 1763 780 1822 maiores
800 1772 915 1821 tantum
935 1765 971 1822 de
991 1770 1079 1841 poeta
1097 1766 1353 1824 commentationes
1368 1772 1435 1841 post

311 1873 498 1948 quaestiones
518 1874 665 1932 confectas
687 1893 761 1933 esse·
775 1874 937 1952 significat3
963 1883 995 1931 ut
1017 1876 1215 1933 commentarii
1238 1894 1354 1950 quoque
1375 1852 1433 1952 ipsi

310 1990 415 2059 postea
426 1984 528 2060 scripti
539 1985 599 2042 sint
610 2003 668 2042 non
681 1977 842 2058 sequitur².
873 1984 932 2058 Qui
944 2002 1032 2058 quum
1044 1993 1103 2042 tam
1118 1985 1207 2042 alieni
1223 1985 1283 2043 sint
1295 2005 1314 2042 a
1324 1986 1434 2044 Plotini

311 2093 497 2170 philosophia
516 2112 604 2169 quarn
623 2095 684 2170 apti
705 2095 743 2151 ad
761 2094 979 2172 Longinianum
994 2095 1154 2153 studiorum
1169 2114 1276 2172 genus,
1296 2094 1370 2152 nihil
1385 2095 1435 2152 ob-

311 2212 386 2262 stat.
404 2205 474 2279 quin
501 2205 626 2264 Athenis
656 2205 813 2281 conscripti
842 2224 908 2264 esse
935 2214 1117 2264 censeantur.
1165 2206 1308 2264 Maiorem
1336 2212 1433 2262 autern

311 2315 586 2373 commentationum
602 2335 651 2385 ea,
677 2334 751 2390 quae
767 2315 878 2373 omissa
891 2317 968 2392 apud
984 2317 1143 2374 Homerum
1159 2316 1278 2373 nomina
1292 2316 1434 2392 complec-

311 2425 397 2495 titur,
414 2426 632 2499 quaestionibus
647 2426 778 2502 proxime
793 2427 973 2484 successisse
988 2427 1137 2484 commode
1151 2427 1325 2495 censebitur,
1346 2444 1435 2500 quum

311 2554 331 2592 a
345 2536 547 2611 philosophica
561 2536 804 2611 interpretatione
819 2554 912 2611 aeque
926 2537 1089 2594 abhorreat.
1118 2535 1226 2594 Attulit
1246 2535 1287 2594 ibi
1307 2537 1433 2604 nomina,

312 2663 387 2719 quae
408 2643 554 2705 Homerus
580 2654 630 2704 aut
655 2646 794 2705 omiserat
814 2653 864 2704 sut
884 2663 970 2706 secus
990 2653 1079 2722 atque
1098 2645 1150 2703 alii
1172 2645 1329 2722 scriptores
1346 2645 1435 2703 tradi·

383 2835 391 2867 ¹
410 2834 469 2887 Non
477 2784 535 2899 duit,
545 2850 591 2887 cur
599 2834 666 2889 Rud.
676 2834 794 2887 Schmidt
803 2835 834 2887 de
843 2835 962 2890 Ps.Plut.
971 2835 1016 2889 vit.
1023 2836 1100 2911 Hom.
1109 2834 1294 2905 pllidicerst:
1308 2839 1435 2903 ,quaestt

312 2919 463 2977 Homericas
480 2918 638 2989 Porphyrius
657 2921 799 2973 etiamtunc
817 2920 948 2991 Apollonii
966 2920 1132 2989 grammatici
1155 2919 1297 2989 discipulus
1315 2920 1436 2972 Anatolio

313 3003 490 3073 condiscipulo
508 3004 665 3073 inscripsit.“
740 2993 748 3022 λ

382 3089 393 3123 ²
410 3089 545 3141 Parisotus
564 3090 670 3157 quidem
687 3108 714 3159 p.
734 3090 767 3142 60
784 3090 863 3143 finxit
880 3108 941 3143 eum
958 3091 1071 3143 Homero
1091 3089 1286 3158 interpretando
1303 3089 1436 3140 vacavisse

312 3175 408 3243 partim
425 3179 486 3243 post
503 3190 532 3226 a..
543 3173 606 3239 282,
625 3175 720 3243 partim
731 3181 792 3244 post
804 3192 828 3228 a.
841 3175 900 3229 300.
918 3181 945 3227 et
961 3175 1018 3237 Iani
1026 3175 1346 3244 Lascarisuepigrammate
1358 3190 1437 3241 quae-

313 3259 442 3310 stionibus
459 3257 598 3327 Porphyrii
615 3260 759 3311 Homericis
780 3261 925 3328 praemisso
943 3258 992 3311 hoc
1011 3259 1173 3328 comprobari
1191 3264 1262 3311 ratus
1284 3264 1331 3311 est.
1362 3258 1436 3319 Quod

312 3342 361 3395 hoc
381 3348 420 3394 est
439 3342 490 3412 (ed.
508 3343 614 3395 Homeri
632 3343 725 3412 Odyss.
745 3344 825 3397 Basil.
847 3343 910 3395 1551
929 3344 947 3395 f.
965 3361 1036 3397 max.
1056 3361 1081 3411 p.
1102 3342 1176 3409 2921:

382 3427 521 3496 Hoppoploc
539 3427 632 3497 λογίοις
651 3425 778 3498 ἀρύτεσθε,
798 3428 911 3479 σπένδετε
928 3431 1008 3495 πηγῆς

449 3509 535 3564 ἀενάου
554 3513 673 3582 γλυκερὸν
691 3517 774 3583 χεῦμα
790 3512 961 3582 χαριζομένης.
989 3510 1075 3580 (Quod
1091 3528 1145 3563 non
1162 3510 1306 3579 intellego.)

382 3594 467 3667 Κάμοῦ
486 3597 510 3666 γ’
530 3595 675 3668 ὁπλοτέροιο
693 3597 747 3666 περὶ
767 3596 848 3666 φρένες
869 3594 997 3665 ἠερέθοντο

449 3670 540 3752 ἀρχὰς,
559 3684 673 3750 κινήσεις,
692 3675 768 3749 εἶδος,
788 3678 886 3750 ἄπειρα,
908 3677 973 3734 κενά.

383 3765 462 3817 Ἀλλὰ
480 3766 639 3836 μεσαιπόλιον
658 3766 752 3834 Φοῖβος
771 3766 884 3835 Σειρῆνας
903 3763 1016 3834 Ὁμήρου

449 3850 593 3921 πρυῦτραπέ
610 3852 635 3920 μ’
654 3851 792 3921 ἁμριέπειν,
815 3850 898 3919 ὥσπερ
916 3848 1096 3918 Ἀριστοτέλην.

383 3936 428 3987 Καὶ
445 3936 493 4006 γὰρ
512 3934 554 4006 ὅγε
572 3936 704 4006 προτέρους
723 3936 774 3996 νέος
789 3934 892 4005 ’ίδμονας
911 3932 996 4004 ἀνέρας
1014 3934 1095 3995 αὔτως

450 4021 538 4072 νείκεσε
556 4022 596 4071 καλ
615 4022 702 4089 σοφίην
720 4021 798 4081 τεῦξεν
817 4019 994 4090 ἀμαυροτέρην.
1081 4050 1085 4056 -

383 4105 492 4174 Πρέσβυς
510 4102 658 4174 ἆροιβαίοισι
675 4106 760 4174 λόγοις
778 4106 888 4156 κύδαινεν
907 4095 1019 4174 Ὃμήρυυ
1082 4120 1084 4124 ’

450 4190 567 4258 Μοῦσαν,
589 4192 629 4241 καλ
647 4192 736 4254 ταύτην
755 4189 836 4260 ᾔνεσεν
855 4188 975 4258 ἀσφαλέα.

382 4275 494 4327 Carmen
510 4292 595 4345 neque
614 4277 721 4344 elegans
739 4281 780 4333 est
796 4292 880 4344 neque
898 4274 1073 4343 perspicuum.
1103 4273 1170 4324 Illud
1181 4278 1269 4325 tamen
1281 4277 1365 4340 patet,
1383 4288 1436 4323 non

314 4377 373 4411 oum
385 4359 529 4429 Porphyrio
541 4360 633 4413 Ianum
652 4377 679 4411 se
697 4376 861 4430 comparare,
880 4360 926 4411 sed
944 4375 1002 4411 cum
1014 4360 1165 4422 Aristotele,
1183 4358 1228 4424 qni
1242 4357 1337 4420 senior,
1355 4373 1436 4424 quum

314 4445 458 4498 Alexandri
474 4446 511 4498 M.
531 4451 600 4497 esset
616 4450 779 4513 praeceptor,
797 4461 850 4497 una
868 4461 928 4497 cunr
945 4459 1007 4512 rege
1025 4443 1112 4495 studia
1128 4444 1155 4494 in
1172 4445 1278 4509 poetam
1296 4440 1413 4492 contulit.

1197 4542 1231 4592 γ.
