3592 5400
511 509 607 553 csrnr
622 511 655 552 11.
677 509 720 551 or
733 507 890 551 marcaon
905 507 1016 551 ronru.
1032 508 1185 551 rsnroac.
1232 552 1241 565 ,
1364 486 1404 549 27

283 666 433 726 Eusebius
448 664 575 725 servavit
589 664 620 721 iu
634 682 736 741 praep.
748 682 851 742 evang.
864 670 895 720 et
908 662 1085 723 lamblichus
1100 662 1132 719 in
1146 662 1231 721 libris
1246 663 1283 721 de
1296 670 1405 740 myste-

283 777 337 837 riis
352 778 493 854 Aegypt,
514 794 587 852 quos
606 775 712 835 Thom.
733 774 810 836 Gale
830 773 921 832 edidit
939 771 1034 835 Oxou.
1054 773 1145 833 1678.
1167 773 1277 833 chartis
1295 773 1406 835 formae

284 887 429 948 maximae
443 883 614 945 minoribus.
637 887 684 945 Ex
697 885 821 946 diversis
836 884 969 960 reliquiis
985 885 1301 961 Galeuspraefationis
1317 904 1406 945 causa

284 1005 377 1058 totam
391 998 548 1074 epistulam
563 997 766 1067 conformavit,
789 1004 820 1055 et
833 995 931 1056 vorbis
946 995 1120 1072 quibusdam
1134 996 1255 1055 mutatis
1269 996 1405 1057 adiectis·

284 1128 344 1185 que
362 1108 496 1169 absolvit.
524 1108 624 1168 Finxit
645 1107 822 1171 lamblichus
844 1109 1070 1178 Absmmonem,
1093 1107 1273 1166 sacerdotem
1294 1126 1404 1179 senem,

283 1219 437 1280 Anehouis
456 1219 642 1297 magistrum,
668 1239 722 1295 pro
747 1218 893 1296 discipulo
919 1219 958 1276 ad
976 1218 1134 1294 Porphyrii
1153 1217 1339 1293 quaestiones
1361 1238 1405 1277 ro-

284 1330 438 1407 spondere.
466 1331 648 1407 Porphyrius
667 1336 781 1388 mortuo
795 1329 911 1388 demum
926 1328 1045 1389 Plotino
1059 1329 1250 1388 Iamblichum
1264 1329 1405 1400 instituit3

284 1443 385 1518 itaque
399 1441 496 1500 senior
509 1440 601 1498 videri
615 1447 713 1517 potest
727 1440 765 1498 ad
775 1440 946 1498 Anehonem
957 1439 1122 1516 scripsisse.
1145 1439 1259 1499 Tamen
1272 1439 1406 1499 iuvenem

285 1551 442 1628 scripsisse
455 1551 590 1610 arbitror.
612 1551 790 1610 lamblichus
805 1557 883 1609 certe
898 1551 1038 1609 adversus
1050 1550 1324 1611 commentationem
1333 1550 1406 1608 iam-

284 1662 400 1739 pridem
413 1662 522 1720 cditam
536 1662 686 1737 disputare
700 1668 816 1738 poterat
821 1681 830 1732 ;
845 1668 933 1736 atque
947 1661 991 1718 ita
1004 1661 1044 1719 ibi
1060 1660 1222 1739 refragatur
1232 1660 1404 1738 Porphyrio,

284 1773 330 1830 ita
343 1773 517 1830 verbotenus
532 1791 598 1830 eurn
612 1771 734 1842 refutat,
753 1773 797 1829 ita
811 1789 876 1829 cum
889 1771 1060 1842 sententiis,
1081 1790 1154 1848 quas
1169 1773 1233 1848 ipse
1249 1777 1339 1829 totam
1353 1782 1407 1848 per

285 1884 376 1941 vitam
391 1884 566 1959 sequebatur
580 1901 710 1959 quasque
724 1883 866 1943 Proculus
881 1883 1007 1940 maxime
1021 1880 1233 1953 admirabatur,
1249 1881 1405 1952 consentit,

285 2000 319 2051 ut
338 2013 376 2051 ne
396 1994 460 2083 ipse
478 1993 595 2068 quidem
614 1994 799 2064 adolescens,
820 1993 872 2052 sed
893 1993 1005 2063 senior,
1025 1999 1138 2052 mortuo
1158 1991 1217 2050 iam
1231 1993 1405 2068 Porphyrio,

284 2105 325 2162 de
341 2105 491 2180 mysteriis
510 2105 666 2181 scripsisse
687 2105 827 2163 videatur.
859 2103 955 2162 Multa
976 2103 1111 2162 similiter
1131 2103 1172 2161 ihi
1195 2110 1405 2161 commentatus

285 2222 333 2274 est
347 2216 425 2272 utin
439 2216 573 2274 Platonis
588 2215 856 2304 Timaeum‚‚quem
871 2214 1008 2273 defuncto
1023 2215 1186 2292 Porphyrio
1200 2214 1348 2291 explicuit.

350 2326 531 2403 Porphyrius
544 2326 598 2383 illa
612 2326 738 2401 epistula
752 2344 881 2385 summas
896 2326 933 2384 de
948 2326 1068 2385 deorum
1087 2333 1192 2384 natura
1212 2333 1308 2385 movet
1322 2325 1404 2384 dubi·

285 2436 427 2508 tationes;
448 2426 599 2513 physicam
619 2443 649 2494 et
667 2435 898 2514 philosophicam
918 2437 1037 2495 deornm
1056 2436 1325 2513 interpretationem
1338 2424 1407 2513 pross

284 2547 371 2623 ponit
391 2547 522 2621 quidem,
542 2547 594 2605 sed
614 2547 689 2605 hano
702 2565 817 2624 qnoque
831 2547 1012 2618 dubitantem
1032 2547 1241 2626 Aegyptiorum
1260 2548 1297 2605 de
1316 2566 1352 2605 ea
1372 2567 1404 2606 re

284 2657 449 2717 doctrinam
463 2657 595 2735 accipere
610 2659 704 2734 cupit,
720 2657 858 2733 quoniam
869 2656 977 2718 Graeci
992 2657 1185 2716 confiteantur
1198 2658 1268 2717 deos
1280 2665 1310 2717 et
1321 2677 1405 2717 sacra

284 2770 324 2826 ah
337 2758 471 2846 'Aegypto
486 2769 517 2826 in
528 2768 684 2829 Graeciam
699 2787 766 2828 esse
781 2769 934 2827 translata.
958 2769 1038 2843 Quia
1051 2768 1140 2847 igitur
1153 2770 1190 2828 de
1204 2770 1406 2847 philosophica

241 2946 243 2948 ,
284 2880 406 2938 deorum
423 2879 663 2955 interpretatione
681 2880 809 2938 nondum
829 2879 887 2938 sibi
902 2886 1102 2957 persuaserat,
1125 2881 1179 2939 sed
1192 2880 1320 2940 incertus
1334 2883 1404 2939 fluo-

284 2997 363 3061 tuat,
392 2989 431 3047 ad
448 2991 618 3049 Anehonem
638 2991 752 3049 videtur
772 2991 887 3051 litteras
906 2991 1037 3062 dedisse,
1062 2991 1232 3067 priusquam
1256 2992 1293 3050 de
1314 2991 1405 3071 Styge

241 3123 246 3130 ·
285 3107 568 3159 commentatus-est.
591 3100 670 3175 Quid
685 3101 771 3159 vero?
794 3100 827 3162 Si
843 3108 913 3160 tunc
923 3102 982 3160 iam
993 3101 1104 3166 Plotini
1116 3101 1324 3161 consuetudine
1334 3122 1405 3163 usus

285 3218 377 3287 esset,
389 3231 508 3270 cnrnon
519 3196 598 3269 hunc
608 3212 705 3288 potius
717 3212 937 3291 interrogasset,
949 3212 1000 3287 qui
1013 3219 1043 3270 et
1053 3212 1405 3291 LycopolitanusAegyp·

285 3322 344 3382 tius
365 3328 443 3391 erat,
464 3329 493 3379 et
512 3322 707 3381 Alexandriae
726 3341 785 3380 non
806 3323 900 3382 solum
919 3322 1119 3392 timonium,
1146 3322 1198 3381 sed
1221 3322 1296 3381 alios
1316 3324 1405 3381 etiarn

285 3432 363 3492 viros
382 3432 524 3509 plurimos
543 3432 694 3492 audiverat
709 3425 773 3511 (vit.
785 3433 863 3492 Plot.
878 3424 932 3510 3)?
958 3435 1062 3508 ltaque
1077 3430 1272 3507 Porphyrium
1290 3432 1404 3491 litteras

285 3543 415 3602 edidisse
433 3542 559 3601 arbitror
577 3563 635 3602 non
655 3544 746 3602 multo
765 3542 848 3620 prius
868 3561 956 3618 quam
975 3542 1100 3603 Romam
1120 3560 1152 3600 se
1172 3542 1330 3614 conferret,
1351 3543 1405 3601 ali-

285 3660 396 3730 quanto
411 3660 501 3724 ante,
514 3621 701 3730 quam⁸certa
715 3654 852 3730 opinione
871 3659 1011 3730 concepta
1025 3636 1185 3710 Homerum
1203 3652 1405 3729 philosophice
1495 3692 1498 3698 -

285 3763 472 3839 interpretari
486 3762 640 3840 inciperet:
656 3764 692 3821 de
706 3764 764 3823 diis
779 3764 869 3842 igitur
883 3765 938 3822 sub
952 3764 1040 3821 finem
1055 3762 1211 3839 temporis,
1225 3762 1302 3840 qnod
1315 3764 1404 3823 Athe·

286 3874 333 3933 nis
344 3875 477 3952 degeret,
493 3873 625 3931 dubitare
640 3874 782 3951 coepisse.

349 3985 511 4059 Postquam
523 3982 647 4042 Romam
662 3983 808 4060 pervenit,
825 3983 985 4042 orationem
999 3969 1112 4043 Plotini
1125 4001 1277 4063 genusque
1291 3984 1406 4043 dicendi
1531 4017 1535 4025 ·

285 4094 412 4171 primum
434 4114 493 4153 non
517 4095 675 4166 intellexit,
703 4079 748 4152 ht
776 4089 827 4151 καὶ
852 4085 1048 4178 ἀντιγράψας,
1075 4095 1184 4171 inquit,
1213 4088 1405 4179 προσήγαγον

287 4198 418 4282 (Plotino
437 4224 485 4262 me
505 4197 656 4283 opposui),
678 4187 825 4262 bataviam
845 4198 1039 4288 πειρώμενος,
1060 4199 1107 4263 ὅτι
1122 4190 1179 4274 ἔξω
1194 4207 1250 4262 τοῦ
1265 4208 1317 4261 νοῦ
1335 4198 1405 4284 ὑφέ-

287 4330 382 4379 στηκε
400 4309 436 4371 τὸ
456 4308 555 4397 νόημα
575 4307 718 4392 (cogitans
743 4322 773 4372 et
798 4315 955 4393 cogitatum
980 4334 1038 4373 non
1063 4334 1129 4375 esse
1153 4309 1244 4386 idem3
1269 4314 1404 4372 Plotinus

287 4444 354 4482 enn.
369 4425 398 4484 5.
412 4425 429 4482 5
447 4431 674 4503 argumentatur,
691 4418 737 4482 ὅτι
752 4422 808 4483 οὐκ
819 4410 877 4502 ἔξω
888 4428 944 4483 τοῦ
957 4428 1007 4483 νοῦ
1018 4418 1060 4482 τὰ
1071 4416 1176 4501 νοητά)
1191 4465 1216 4479 ..
1231 4412 1405 4505 Γράψαντος

288 4518 321 4591 δὲ
343 4528 456 4612 βιβλίον
478 4532 513 4591 οὐ
536 4528 640 4617 μικρὸν
661 4537 716 4591 τοῦ
735 4525 873 4617 Ἀμολίου
898 4528 964 4614 (qui
985 4534 1094 4593 iamdiu
1113 4532 1223 4595 Plotini
1243 4532 1403 4611 discipulus
