3592 5400
396 497 437 562 28
612 518 708 562 carur
722 520 754 560 11.
778 519 820 560 nn
834 518 991 562 mononem
1005 519 1116 563 ronrn.
1133 519 1287 562 remora.

394 667 500 753 fuerat)
519 668 590 756 πρὸς
609 667 664 742 τὰς
682 676 737 730 τοῦ
753 666 923 755 Πορφυρίου
944 669 1080 755 ἀπορίας,
1107 670 1158 731 καὶ
1176 667 1267 731 πάλιν
1286 669 1358 756 πρὸς
1379 669 1422 732 τοὶ
1441 667 1514 758 γρά·

395 778 488 868 ρὲντα
508 773 744 867 ἀντιγράψαντός
764 801 835 866 μου,
854 786 911 840 τοῦ
935 767 968 840 δὲ
982 775 1121 866 Ἀμολίου
1142 779 1280 865 καὶπρὸς
1300 787 1402 842 ταῦτα
1417 781 1515 842 ἀντει-

393 890 514 968 πόντος,
537 893 571 952 ἐκ
581 888 786 977 τρίτωνμόλις
797 890 890 963 συνεὶς
901 889 942 951 τοὶ
953 888 1105 978 λεγόμενα
1116 890 1177 980 ἐγὼ
1189 893 1205 951 ὁ
1217 888 1383 977 Πορρύριος
1399 912 1474 978 μετ
1482 912 1515 952 ε-

395 1000 491 1090 θέμη
500 1026 527 1079 ν,
542 1001 593 1063 καὶ
604 988 787 1082 παλινῳδίαν
798 996 914 1089 γράψας
925 1004 956 1063 ἐν
966 1011 1006 1085 τί)
1022 990 1159 1088 διατριβῇ
1171 999 1301 1089 ἀνέγνων
1316 999 1358 1083 (iu
1370 1014 1516 1064 conventu

393 1111 535 1196 recitavi),
569 1108 756 1173 Κάκεῖθεν
781 1112 911 1174 λοιπὸν
935 1112 982 1174 τοὶ
1007 1112 1132 1194 βιβλία
1153 1111 1199 1173 τοὶ
1220 1108 1414 1174 Πλωτίνου
1438 1115 1515 1174 ἐπι-

395 1219 551 1293 στεύθην
572 1219 632 1305 (vit.
651 1229 727 1286 Plot.
748 1247 810 1304 cap.
827 1229 864 1286 18
877 1220 976 1305 med).
1005 1228 1196 1304 vituperatur
1216 1246 1281 1285 eam
1301 1229 1338 1285 ob
1359 1246 1477 1286 causam
1497 1248 1516 1285 a

393 1340 543 1416 Longino,
563 1335 614 1414 qui
635 1357 692 1396 sua·
707 1339 817 1414 placita
836 1345 865 1396 et
884 1339 991 1397 litteris
1012 1338 1089 1397 datie
1111 1330 1172 1416 (vit.
1186 1339 1264 1398 Plot.
1280 1330 1329 1415 19)
1351 1345 1381 1395 et
1396 1339 1473 1397 libro
1484 1357 1514 1398 π,

393 1443 499 1518 τέλους
513 1449 643 1506 defendit
652 1443 672 1508 ¹.

457 1559 568 1618 Plotini
587 1559 699 1618 monitu
713 1561 893 1636 Porphyrius
913 1561 1053 1618 adversus
1068 1560 1253 1637 Diophanem
1275 1561 1420 1617 rhetorem
1443 1561 1515 1618 scri-

395 1671 469 1748 psit,
489 1669 539 1745 qui
553 1670 734 1728 Alcibiadem
751 1669 880 1730 Socratis
901 1671 1052 1728 cinaedum
1072 1671 1164 1729 fuisse
1182 1671 1319 1729 credebat
1333 1671 1514 1747 eundemque

394 1780 563 1839 defenderat
579 1774 637 1859 (vit.
650 1780 728 1839 Plot.
744 1774 810 1857 15);
832 1800 929 1839 coram
949 1782 1088 1859 magistro
1109 1799 1240 1851 carmen,
1264 1800 1321 1858 quo
1336 1781 1413 1846 lovis
1428 1782 1514 1839 luno-

394 1891 498 1967 nisque
523 1893 697 1950 connubium
722 1910 836 1950 sacrum
863 1893 1010 1951 cecinerat
1035 1898 1064 1948 et
1085 1892 1286 1968 philosophice
1308 1892 1513 1968 explicaverat,

394 2003 527 2062 recitavit
548 1996 659 2080 (111111),
687 2003 774 2061 simul
794 2022 859 2061 cum
878 2004 996 2061 Plotino
1017 2003 1176 2079 disputavit
1196 2004 1333 2062 adversus
1353 2003 1512 2080 gnosticos,

395 2115 444 2190 qui
469 2114 633 2172 Zoroastris
659 2113 776 2172 nomine
801 2117 956 2173 abutentes
982 2114 1033 2171 illo
1063 2121 1193 2190 tempore
1221 2115 1339 2172 oracula
1367 2113 1514 2172 finxerant

396 2221 477 2302 (ibid.
494 2218 554 2304 16).
584 2225 667 2282 Haec
680 2224 770 2301 igitur
784 2225 901 2282 oracula
915 2243 1003 2299 quum
1026 2244 1083 2282 non
1099 2226 1250 2301 probaret,
1273 2222 1432 2282 chaldaica
1451 2244 1514 2282 ora-

396 2336 462 2393 cula
482 2343 511 2392 et
530 2336 658 2412 genuina
677 2353 742 2393 esse
762 2335 876 2392 censuit
896 2343 926 2392 et
946 2354 1029 2394 suum
1049 2337 1079 2392 in
1100 2354 1184 2393 usum
1203 2335 1345 2394 convertit
1364 2335 1396 2393 in
1412 2353 1464 2393 sex
1478 2336 1514 2393 de

330 2455 333 2463 '
396 2445 518 2504 materia
542 2445 626 2504 libris
653 2438 750 2524 (Suid.
768 2444 900 2521 Simplic.
916 2447 1001 2523 phys.
1017 2464 1096 2504 ausc.
1112 2448 1127 2505 I
1141 2446 1191 2503 fol.
1210 2447 1258 2504 50.
1275 2437 1321 2522 b).
1356 2446 1453 2504 Docte
1478 2446 1514 2503 de

395 2557 441 2616 his
462 2557 546 2615 libris
561 2557 648 2614 Thilo
668 2556 701 2615 in
720 2556 795 2631 disp.
812 2557 848 2614 de
867 2558 949 2616 coelo
965 2575 1100 2634 empyreo
1115 2557 1130 2615 I
1143 2557 1325 2632 paschalium
1340 2556 1515 2615 Halensium

395 2688 422 2727 a.
438 2669 517 2728 1839
531 2669 574 2726 ch.
589 2670 618 2727 4.
634 2669 713 2726 edita
728 2673 948 2726 commentatur.
974 2642 1181 2742 „Continuitst
1197 2666 1308 2744 inquit,
1327 2667 1382 2743 „de
1393 2667 1515 2726 materia

396 2780 558 2838 sententias
579 2780 749 2855 Porphyrii,
776 2780 858 2838 cuius
883 2798 1026 2837 summam
1053 2781 1197 2855 praebent
1220 2774 1353 2861 ἀρορριαὶ
1376 2774 1449 2860 πρὸς
1474 2772 1516 2836 τοὶ

396 2882 490 2954 νοητά
501 2896 572 2948 sect.
586 2890 623 2947 21
640 2882 696 2967 (ed.
708 2889 846 2947 Holsten.
858 2891 945 2948 Rom.
957 2891 1048 2948 1630.
1062 2888 1200 2947 cantabr.
1214 2889 1304 2947 1655.
1318 2890 1362 2946 ch.
1377 2882 1424 2966 8),
1442 2907 1514 2964 quas

396 3000 559 3057 consentire
579 3000 759 3058 demonstrat
779 3018 844 3057 cum
861 3000 980 3059 Plotina
1002 2992 1114 3077 (enni
1133 3000 1183 3057 lib.
1197 3002 1225 3058 4.
1242 3016 1271 3056 π.
1284 2991 1384 3077 ὕλης),
1404 3000 1514 3075 Pytha-

395 3111 505 3188 goreia,
521 3111 659 3179 Platone,
677 3110 849 3179 Aristotele,
866 3110 1013 3187 theologia
1028 3109 1208 3170 Graecanica
1222 3116 1251 3167 et
1266 3106 1447 3167 Chaldaea.“
1469 3109 1514 3167 Ad

395 3222 449 3278 hos
472 3220 562 3279 libros
582 3220 769 3290 Holstenius,
791 3220 958 3291 Fabricius,
979 3221 1068 3279 Thilo
1089 3240 1124 3278 ea
1143 3220 1285 3291 referunt,
1308 3237 1384 3295 quae
1398 3222 1515 3278 Aeneas

397 3330 530 3391 Gazaeus
546 3329 680 3407 sophista
693 3330 890 3407 Theophrasti
907 3351 935 3407 p.
951 3332 999 3389 51.
1013 3331 1109 3389 Boiss.
1122 3332 1258 3407 praebet:
1280 3327 1315 3387 οὐ
1334 3324 1392 3414 γὰρ
1408 3323 1515 3414 ἀγένη-

394 3459 446 3511 τος
461 3426 531 3500 οὐδὲ
546 3434 671 3524 ἄναρχος
685 3440 703 3507 ἡ
719 3435 784 3506 tta.
820 3434 920 3499 Τοῢτιί
942 3458 975 3499 σε
995 3437 1046 3498 καὶ
1060 3425 1213 3498 Χαλδαῖοι
1234 3424 1408 3515 διδάσκουσι
1428 3436 1480 3497 καὶ
1499 3438 1514 3496 ὁ

396 3546 568 3635 Πορφύριος.
589 3544 764 3636 Ἐπιγρίιρει
779 3536 813 3609 δὲ
828 3536 979 3609 aelstani
993 3547 1030 3608 τὸ
1043 3547 1163 3629 βιβλίον,
1179 3540 1221 3628 dri
1237 3552 1276 3619 εἰς
1289 3544 1378 3634 μέσον
1389 3546 1516 3636 προάγει

464 3708 473 3739 ¹
492 3705 523 3759 In
539 3706 616 3758 huius
633 3698 692 3759 libri
704 3706 850 3776 prooemio,
870 3707 999 3775 descripto
1011 3707 1037 3757 in
1050 3706 1095 3760 vit.
1108 3705 1173 3759 Plot.
1187 3722 1242 3774 cap.
1256 3704 1301 3769 20,
1320 3696 1437 3774 queritur
1450 3709 1464 3772 ξ
1477 3704 1515 3769 13,

397 3792 466 3861 quod
488 3792 613 3860 pristinus
636 3790 778 3859 discipulus
795 3790 927 3843 Plotinum
951 3788 1092 3859 ἐπεχείρησε
1110 3789 1149 3840 διὰ
1172 3786 1366 3859 συγγράμματος
1390 3788 1516 3851 ἀποδεῖξαι

397 3875 484 3944 βελτίω
503 3875 576 3935 δόξαν
594 3892 620 3924 π.
632 3877 681 3924 τῶν
700 3872 770 3926 ἰδεῶν
783 3878 824 3939 τῆς
836 3874 894 3944 ἡμῖν
908 3875 1057 3945 ἀρεσνοιίσης
1070 3871 1166 3945 ἔχοντα.
1185 3875 1253 3930 Illud
1265 3876 1418 3945 σύγγραμμα
1431 3875 1515 3927 παλιν-

397 3959 461 4029 ῳδία
479 3964 527 4011 est.
561 3959 636 4009 Falso
654 3958 772 4011 Holsten.
790 3959 821 4010 do
842 3960 887 4012 rit.
905 3959 998 4030 Porph.
1012 3976 1068 4029 cap.
1084 3960 1115 4012 10
1138 3960 1220 4012 alium
1243 3960 1358 4029 aliquem
1379 3959 1516 4031 Porphyrii

397 4044 428 4095 de
446 4043 510 4095 ideis
528 4043 624 4094 librum
642 4043 699 4095 adv.
717 4043 867 4111 Longinum
885 4045 972 4098 finxit.
1465 4112 1468 4117 .

465 4127 475 4160 ²
494 4126 537 4179 Sic
549 4126 736 4179 Boissonadius
749 4144 795 4196 pro
809 4125 926 4181 καθόλου.
949 4129 978 4180 ld
995 4134 1034 4180 est
1050 4129 1081 4181 de
1098 4130 1201 4181 animae
1219 4130 1246 4181 in
1259 4145 1367 4199 corpora
1379 4130 1513 4184 descensu.

395 4212 451 4267 Hoc
469 4212 515 4263 uni
531 4211 657 4263 librorum
681 4212 711 4263 de
733 4212 843 4264 materia
860 4212 1018 4282 Porphyrius
1041 4215 1216 4283 inscripserat.
1252 4214 1324 4266 Idem
1346 4220 1439 4284 postea
1462 4215 1515 4283 περὶ

397 4295 485 4347 ἀνόδου
508 4299 550 4362 τῆς
569 4295 648 4365 ψυχῆς
666 4297 723 4349 adv.
743 4296 886 4348 Chaldaeos
910 4298 1025 4366 scripsit,
1047 4300 1064 4352 i.
1078 4316 1100 4351 e.
1123 4298 1154 4352 de
1176 4315 1297 4368 regressu
1319 4316 1340 4351 s.
1362 4300 1515 4352 liberatione

397 4382 512 4446 animae,
531 4382 562 4433 de
579 4380 692 4445 ratione,
712 4397 764 4449 qua
781 4382 870 4433 anima
888 4383 921 4434 ad
939 4381 1016 4434 deum
1029 4388 1054 4434 et
1066 4368 1197 4436 aetherem
1210 4383 1352 4439 efferretur.
1376 4384 1415 4437 cf.
1427 4385 1514 4453 Augu·

397 4466 457 4518 stin
470 4465 501 4517 de
514 4466 561 4519 civ.
575 4466 616 4517 dei
631 4466 670 4519 10.
685 4481 740 4534 cap.
750 4466 792 4520 32.
810 4466 918 4519 Frustra
936 4467 990 4517 καθ’
1003 4464 1063 4518 ὅλου
1082 4467 1156 4520 Thilo
1175 4468 1296 4522 defendit.

465 4549 537 4603 3δίο
556 4550 641 4602 Boiss
661 4566 707 4620 pro
725 4548 747 4602 b.
