3592 5400
619 496 716 541 orror
732 496 759 540 ν.
782 498 824 541 nn
839 497 1044 542 onecruonou
1059 498 1178 542 norme.
1419 479 1460 547 83

340 643 379 707 Τί
398 644 454 732 φής
464 672 473 722 ;
494 650 520 707 εἰ
542 634 567 707 δ’
584 647 832 734 ἀγαλματοποιός
850 670 895 721 τις
915 643 934 716 ἢ
960 638 1117 736 ζωγράφος
1136 645 1303 737 ἐπεθύμουν
1322 648 1460 739 γενέσθαι

339 757 391 818 καὶ
406 744 608 829 διδασκάλους
621 747 755 829 ἐζήτουν,
771 748 829 844 ἆρά
843 779 895 845 μοι
910 757 994 844 ἤρκει
1009 760 1136 820 ἀκοῦσαι

644 873 664 945 †
679 870 709 928 ἔν
723 887 759 928 τε
773 875 868 929 τοῖσιν
884 865 1081 944 εὐπελέεσσιν,

339 973 407 1037 ἀλλ’
422 979 478 1038 οὐκ
493 970 529 1037 ἂν
543 972 700 1064 μαίνεσθαι
716 973 798 1038 εἷπον
812 976 865 1038 τὸν
880 976 1011 1066 λέγοντα
1019 1004 1027 1053 ;
1049 977 1130 1040 ἀλλὰ
1144 986 1236 1041 τοῦτο
1252 977 1305 1067 μὲν
1320 982 1390 1055 ἴσως
1405 983 1463 1070 οὐχ

338 1084 439 1160 ἱκανὸς
453 1081 483 1148 εἶ
496 1070 612 1148 εἰδέναι
633 1082 780 1174 ἀσάφειαν
794 1085 851 1175 γὰρ
866 1091 928 1173 ἔχει
942 1087 1058 1158 πολλὴν
1072 1087 1113 1150 τοὶ
1128 1085 1290 1176 ἀνθρώπων
1304 1087 1371 1160 ἤθη.
1392 1091 1460 1153 ὅποι

339 1181 374 1258 de'
396 1217 448 1283 μοι
470 1199 505 1258 ἐκ
524 1193 706 1282 Κολοφῶνος
725 1193 863 1284 α’ἱριεινον1
884 1192 1075 1284 πορεύεσθαι,
1097 1201 1152 1260 οὐκ
1174 1195 1215 1261 ἔθ’
1236 1198 1331 1274 οὕτως
1351 1198 1461 1288 ἀφανὲς

336 1313 384 1366 τῶ
401 1302 474 1386 θεῷ·

544 1428 570 1482 ἐκ
588 1430 766 1501 τανυστρόφοιο
783 1429 845 1492 λᾶας
863 1431 996 1501 σφενδόνης
1013 1430 1053 1493 ἱεὶς
1072 1430 1149 1505 ἀνὴρ’

542 1518 620 1585 χῆνας
637 1512 769 1586 ἒναρίζειν*
786 1516 912 1586 βολαῖσιν,
931 1516 1062 1582 emicone,
1081 1519 1236 1591 ποιηβόρους.

338 1632 417 1710 Τοὺς
440 1625 473 1699 δὲ
495 1634 654 1715 ἀοπέτους,
680 1635 857 1725 ποιηβόρυυς
877 1647 970 1727 χῆνας
991 1639 1035 1715 τίς
1058 1663 1108 1728 μοι
1131 1639 1268 1729 μηνύσει,
1294 1642 1363 1707 ὅτι
1384 1641 1460 1707 ποτὲ

337 1745 461 1836 λέγουσι
466 1772 474 1824 ;
489 1747 534 1821 τίς
549 1736 582 1810 δὲ
595 1747 652 1817 τὴν
665 1745 869 1836 τανύστροφον
884 1737 1047 1836 σφενδόνην
1052 1777 1062 1828 ;

338 1948 472 2016 dicantur,
496 1954 523 2002 et
546 1949 675 2002 obiectum
698 1949 870 2013 desideretur,
902 1950 929 2002 id
951 1957 1039 2003 eutem
1063 1950 1157 2004 debeat
1179 1950 1257 2006 bomo
1281 1970 1352 2019 esse,
1382 1972 1460 2025 quem

338 2034 489 2086 Oenomaus
507 2035 675 2103 quaesiverit,
698 2032 750 2098 odd‘
768 2035 795 2086 in
813 2034 880 2086 τόνδ’
897 2041 985 2100 moto,
1007 2041 1034 2089 et
1054 2035 1136 2106 χρεὼν
1158 2039 1283 2103 coniicio,
1305 2040 1376 2109 quod
1398 2042 1460 2093 sub

337 2120 437 2171 iectum
454 2119 495 2172 sit

406 2203 418 2236 ⁸
439 2200 619 2273 Ἐκθειιμαρθὲν
640 2205 676 2269 V,
698 2201 857 2273 interpretis
879 2203 916 2273 B,
944 2201 1089 2276 ἐκτερμαθὲν
1112 2206 1148 2276 Ι),
1178 2208 1274 2277 scripto
1297 2226 1309 2259 ν
1332 2224 1413 2277 supra
1435 2226 1458 2277 e,

338 2286 485 2358 ἕκτερμαθὲν
502 2289 556 2344 FG.

407 2373 418 2407 ¹
442 2373 485 2426 Sic
503 2373 662 2443 Stephanus.
698 2374 764 2426 Cum
786 2374 864 2428 huius
887 2375 1000 2429 editione
1017 2377 1064 2428 All
1082 2378 1170 2429 collati
1191 2383 1253 2430 sunt
1275 2384 1301 2428 et
1322 2376 1379 2431 h.1.
1398 2394 1459 2430 con-

337 2460 435 2510 sentire
457 2458 566 2527 putandi
589 2463 690 2523 esseut,
714 2460 737 2511 si
758 2461 852 2512 certior
875 2477 908 2512 ex
934 2461 1074 2513 Gaisiordii
1097 2462 1200 2513 silentio
1224 2467 1295 2512 esset
1318 2462 1459 2527 conclusio,

338 2560 419 2611 quam
432 2548 472 2595 est
483 2560 581 2596 revera.
605 2543 657 2596 Sed
669 2549 699 2595 ut
716 2544 813 2596 scribat
830 2544 867 2596 ita
884 2544 920 2608 A,
937 2545 979 2596 hio
995 2544 1077 2596 codex
1090 2550 1193 2612 apertas
1206 2544 1367 2596 coniecturas
1379 2545 1458 2596 inter-

339 2628 403 2679 dum
420 2644 467 2696 pro
484 2633 559 2680 textu
575 2627 689 2698 praebet.
725 2629 791 2680 Mire
809 2627 955 2698 discrepant
970 2628 1064 2695 reliqui
1075 2627 1185 2678 codices.
1219 2628 1374 2679 Montacutii
1385 2627 1458 2692 liber,

339 2714 386 2781 qui
403 2714 504 2782 aliquot
525 2714 683 2783 reliquorum
700 2714 818 2765 omnium
840 2715 947 2766 lacunas
966 2713 1090 2780 complet,
1115 2709 1172 2762 οὐδὲ
1196 2711 1253 2780 μίαν
1271 2712 1458 2781 σκομφυέζεται,

338 2800 367 2849 in
384 2814 470 2867 marg.
490 2798 656 2867 σαομφὶζεται,
692 2798 777 2861 Quem
795 2797 936 2851 Gaisfordii
954 2796 973 2848 G
992 2812 1048 2847 esse
1069 2796 1097 2846 iu
1121 2796 1211 2848 ultimo
1235 2797 1354 2865 prolegg.
1374 2800 1459 2868 capite

339 2881 533 2936 demonstrabo.
569 2881 653 2945 Quare
672 2881 729 2933 οὐδε
747 2901 787 2951 μιν
805 2880 964 2950 σκομφίζεται
982 2897 1034 2931 non
1052 2880 1080 2931 in
1098 2878 1177 2943 GFG,
1195 2885 1225 2932 ut
1241 2881 1279 2933 ait
1297 2880 1394 2947 Gales„
1413 2883 1459 2935 sed

338 2968 366 3019 in
384 2956 431 3019 FG
448 2972 551 3019 tantum
568 2984 625 3019 esse
643 2968 762 3021 arbitror.
780 2964 838 3017 οὐδὲ
856 2962 903 3033 μὴν
919 2961 1019 3028 BDSV,
1037 2964 1205 3033 σκομφῦζεται
1221 2964 1257 3030 Β,
1281 2965 1458 3036 σαομφυίζεται

339 3052 415 3106 DSV.
451 3053 524 3104 Alter
542 3052 630 3121 Vigeri
651 3051 732 3103 codex
756 3048 932 3119 σκομφύξεται,
954 3064 1035 3117 supra
1056 3050 1152 3119 scripto
1175 3050 1355 3120 σιομφιίζετιιι.
1389 3052 1415 3105 Is
1436 3052 1458 3105 Ε

339 3142 392 3200 est,
416 3136 448 3188 de
472 3153 523 3206 quo
546 3141 616 3189 tacet
639 3135 735 3198 Gaisf.;
759 3135 822 3184 alter
839 3132 929 3200 Vigeri
951 3133 1017 3185 liber
1039 3133 1061 3185 D
1086 3139 1127 3185 est
1150 3134 1305 3200 Gaisfordii,
1328 3136 1359 3187 de
1383 3137 1457 3189 cuius

338 3223 450 3274 lectione
470 3220 551 3273 Gaisf.
569 3237 629 3272 cum
646 3221 741 3288 Vigero
760 3217 785 3270 h.
799 3217 816 3270 l.
835 3216 973 3285 conspirat
1007 3216 1099 3285 Itaque
1122 3220 1238 3286 genuina
1255 3220 1383 3289 scriptura
1401 3222 1457 3288 φεύ-

340 3305 405 3366 ξεται
426 3305 527 3358 videtur
548 3305 642 3367 fuisse3
667 3302 729 3372 quid
751 3303 777 3353 in
801 3300 859 3350 οὐδε
882 3318 998 3369 μηνσιιομ
1020 3302 1111 3365 lateat,
1133 3308 1221 3354 mente
1244 3320 1297 3354 non
1321 3320 1456 3372 assequor.

337 3392 379 3443 An
397 3390 465 3443 forte
483 3389 536 3441 οὐδ’
555 3387 611 3458 ἐμεῦ
629 3386 708 3453 κλών,
727 3386 782 3437 sire
800 3385 881 3436 ascita
899 3384 978 3435 etiam
996 3385 1102 3437 Aeolica
1119 3385 1205 3437 forma
1221 3384 1307 3455 ἐμεῦςλ
1336 3387 1377 3438 An
1395 3388 1456 3439 sim·

337 3476 439 3545 pliciter
457 3471 533 3542 ἔμόςῖ
568 3470 682 3525 Goniioio
700 3471 792 3538 igitur,
816 3484 849 3520 ne
870 3468 1028 3520 intentatum
1049 3469 1194 3537 relinquam
1211 3469 1334 3538 aenigma
1351 3470 1455 3522 oraculo

339 3560 489 3612 obscurius:

543 3638 567 3692 ἔν
585 3657 613 3710 γε
630 3641 707 3691 τοῖσιν
725 3638 853 3710 εὖμελέσσι
869 3638 937 3690 τόνδ’
955 3635 1091 3710 Ἀχαιοῖσιν
1108 3636 1190 3709 χρεὼν

543 3725 652 3791 θήσεται·
672 3725 700 3776 rb
719 3726 741 3776 δ’
759 3723 920 3794 interemptio
938 3722 992 3775 οὐδ’
1009 3722 1066 3794 ἐμεῦ
1085 3721 1152 3775 κλὼν
1171 3722 1287 3793 φεύξεται.

336 3814 413 3867 Hune
431 3806 576 3875 hominem,
595 3827 672 3879 quem
685 3811 800 3878 quaeris,
818 3827 875 3862 sors
892 3811 921 3862 in
935 3810 1035 3863 decoris
1048 3808 1158 3862 Achaeis
1175 3816 1268 3879 ponet:
1287 3807 1356 3879 quod
1368 3815 1456 3863 autem

336 3900 392 3949 fato
411 3901 577 3964 praeceptum
595 3901 647 3959 est,
665 3912 698 3947 ne
715 3912 775 3947 mea
792 3895 897 3965 quidem
916 3894 957 3947 dei
974 3895 1060 3965 proles
1079 3894 1193 3963 effugiet.

408 3982 415 4012 ¹
441 3980 572 4032 Solemnis
590 3980 753 4032 oraculorum
771 3980 880 4044 locut-io3
898 3981 932 4035 of.
943 3980 1008 4033 Lob.
1020 3979 1079 4049 Agl.
1095 3979 1168 4034 1093.

407 4064 418 4097 2
442 4061 463 4115 εἰ
479 4061 526 4134 γὰρ
545 4058 574 4130 ἤν
591 4081 638 4133 pro
656 4062 696 4123 ἱελς
714 4062 773 4133 ἀνὴρ
791 4064 845 4118 ΔΗ.

406 4147 418 4180 ⁸
442 4148 485 4201 Sic
496 4166 543 4218 pro
562 4145 652 4217 ἐνάριζε
671 4148 753 4202 Gaios.
773 4166 806 4200 ex
823 4148 916 4201 Iortini
931 4149 1092 4213 coniectura,
1116 4148 1179 4201 item
1198 4146 1318 4217 βολαῖσιν,
1344 4149 1456 4218 βούλεσιν

336 4237 374 4298 Δ,
400 4232 526 4301 βούλευσιν
544 4233 580 4297 ll,
603 4233 729 4300 βουλαῖσιν
752 4233 808 4287 rell.
822 4233 895 4286 codd.
931 4234 998 4286 Tum
1016 4232 1128 4293 ἁσπέτοις
1146 4233 1179 4297 Ο,
1204 4232 1325 4292 ἀσυνέτοις
1342 4233 1373 4286 Β.
1407 4233 1456 4284 Ρο-

337 4326 436 4371 stremo
455 4319 606 4387 ποιημόρους
623 4318 679 4382 BC,
704 4317 773 4369 idem
793 4318 872 4386 paulo
895 4325 956 4387 post
972 4318 1073 4371 BGDG.
1108 4318 1146 4370 Ne
1167 4317 1217 4370 hoo
1239 4318 1344 4386 quidem
1366 4331 1456 4367 oracu-

336 4406 393 4456 lum
412 4405 544 4473 integrum
562 4408 615 4467 est,
633 4403 679 4454 sed
696 4408 798 4471 partem
815 4402 892 4456 modo
911 4404 990 4472 elegit
1008 4403 1128 4472 Cynicus.
1147 4448 1151 4451 .

1219 4503 1253 4560 6,
