3592 5400
852 628 963 676 nourr.
1354 618 1392 678 21

462 820 540 887 Ibid.
564 820 632 886 Lin.
665 820 925 904 1οἈμοοτοο.
950 823 1100 908 Amyntas
1123 823 1158 886 Π
1181 844 1307 910 reguum
1331 824 1396 890 Ma·

419 961 560 1028 cedoniae
578 961 704 1050 adeptus
723 967 769 1027 est
787 957 938 1028 Eubulide
957 963 1099 1029 archonte
1121 965 1185 1028 394
1197 986 1222 1029 a
1242 963 1276 1030 Ο.
1296 962 1396 1031 Vidrr.

417 1102 570 1168 Glintonia
599 1100 683 1167 Fasti
706 1100 858 1167 Helleuici
891 1124 958 1190 pag.
991 1105 1054 1168 240
1087 1106 1117 1168 et
1149 1105 1230 1183 102;
1259 1105 1397 1191 regnavit

418 1263 471 1329 per
490 1244 533 1307 24
552 1262 662 1319 annos,
682 1244 818 1306 mortuus
837 1245 883 1306 est
902 1240 1069 1327 Dyscineto
1088 1240 1230 1371 archpnte
1248 1245 1311 1309 370
1324 1265 1349 1309 a
1361 1243 1396 1309 Ο.

461 1515 541 1584 Ibid.
571 1517 641 1583 Lin.
665 1521 716 1582 16.
746 1515 906 1603 Προξένῳ
931 1523 975 1582 τῶ
1001 1517 1176 1603 Ἀταρνεῖ.
1203 1519 1282 1586 Vide
1304 1525 1397 1588 testu·

417 1664 550 1725 mentum
580 1657 761 1723 Aristotelis
791 1657 870 1745 apud
905 1657 1072 1744 Diogenem
1104 1658 1259 1725 Laertium
1294 1659 1395 1746 (Edid.

417 1798 458 1864 H.
489 1797 527 1863 G.
558 1795 722 1863 Habueras
746 1796 913 1884 Lipsiensis
938 1820 963 1861 a.
990 1799 1089 1884 1828)
1119 1797 1189 1864 Vol.
1212 1799 1237 1864 Ι.
1261 1823 1288 1888 p.
1314 1803 1395 1880 320,

417 1935 469 2002 ubi
504 1935 576 2001 haec
609 1935 723 2001 Graece
756 1935 913 2024 leguntur:
952 1936 1140 2023 “Quumque
1172 1937 1271 2025 puella
1304 1939 1395 2006 fuerit

415 2080 532 2141 matura
555 2075 619 2141 viro
644 2073 796 2162 (Pythias)
825 2075 858 2139 in
882 2075 1106 2142 matrimonium
1129 2077 1193 2142 dari
1217 2077 1395 2158 Nicanori„

415 2215 486 2281 Illa:
521 2213 679 2293 ἀνάγεται
716 2216 805 2299 παρὰ
844 2213 1003 2299 Προξένῳ
1039 2223 1083 2299 τῷ
1118 2217 1284 2302 Ἀταρνεῖ
1316 2218 1394 2306 apud

415 2352 741 2420 Pseudo-Ammonium
773 2354 817 2418 ita
847 2355 1005 2442 leguntur:
1029 2354 1187 2433 ἀνάγεται
1213 2362 1302 2441 παρὰ
1325 2383 1393 2423 τινι

415 2491 574 2578 Προξένῳ
609 2492 790 2580 Ἀταρνεῖ,
827 2500 857 2560 et
890 2494 972 2560 varia
1005 2494 1200 2581 explicantur.
1242 2495 1392 2562 Nonnulli

414 2632 607 2699 Aristotelem
632 2633 798 2722 profectum
821 2656 887 2699 esse
909 2635 1072 2699 Atarneam
1096 2634 1183 2723 (quae
1206 2634 1325 2721 Mysiae
1347 2643 1394 2704 est

415 2772 501 2852 urbs,
523 2773 593 2840 vide
616 2772 777 2840 cellarium
801 2774 836 2839 Τ.
855 2774 900 2839 ΙΙ.
923 2797 952 2862 p.
975 2773 1031 2862 40)
1052 2774 1207 2862 perhibent
1226 2775 1262 2841 ad
1283 2774 1391 2842 Proxe-

414 2935 502 2979 num:
537 2914 573 2978 A.
605 2912 695 2978 Stahr
727 2912 747 2978 l.
779 2934 803 2979 c.
835 2913 869 2979 Τ.
902 2914 928 2979 Ι.
959 2937 987 3002 p.
1019 2918 1060 2979 35
1091 2915 1189 3002 ipsum
1221 2914 1391 2982 Proxenum

414 3053 543 3140 Stagiris
576 3051 727 3119 habitasse
761 3058 875 3131 censet,
915 3053 1063 3140 imprimis
1098 3053 1179 3138 quod
1213 3054 1277 3140 ejus
1310 3055 1392 3121 filius

414 3192 550 3258 Nicanor
580 3198 703 3259 vocatur
733 3193 877 3281 Stagirita
906 3216 922 3257 a
945 3193 1037 3259 Sexto
1060 3193 1213 3280 Empirico
1237 3195 1301 3261 adv.
1325 3195 1390 3260 Ma·

413 3330 503 3397 them.
535 3353 559 3397 c.
592 3334 642 3397 12.
672 3331 730 3397 Sed
762 3354 815 3420 pro
853 3330 1012 3409 ἀνάγεται
1048 3333 1280 3420 exspectaverim
1316 3332 1390 3418 τρέ-

414 3495 523 3553 φεται,
559 3493 615 3536 οοο
648 3474 748 3538 tamen
784 3471 856 3536 certi
891 3470 964 3556 quid
999 3472 1032 3536 in
1063 3494 1093 3537 re
1122 3472 1238 3538 incerta
1268 3471 1390 3539 definire

412 3609 516 3675 ausim.

457 3887 529 3973 Pag.
554 3891 581 3951 2.
614 3885 681 3951 Lin.
708 3891 735 3952 l.
759 3870 797 3950 οὗ
821 3891 876 3966 τῆς
901 3892 1005 3970 φήμης
1032 3893 1255 3971 μνημονεύων.
1282 3889 1389 3955 Versio

413 4026 451 4090 V.
471 4025 506 4092 L.
530 4026 620 4111 cajus
638 4028 729 4092 etiam
751 4027 942 4093 educationis
960 4031 1144 4094 recordatus.
1164 4031 1201 4094 In
1221 4030 1283 4094 vita
1294 4031 1388 4096 Arist.

412 4164 635 4231 Pseud-Am.
660 4149 698 4228 οὗ
721 4168 775 4229 καὶ
801 4173 857 4247 τῆς
882 4173 999 4252 τροφῆς
1025 4166 1293 4251 διαμεμνημένος.
1325 4168 1386 4233 Ne·

412 4304 530 4393 gligens
552 4305 691 4371 librarius
711 4306 789 4394 apud
809 4312 945 4372 nostrum
966 4307 1121 4394 scripsisse
1141 4306 1259 4373 ridetur
1282 4314 1386 4390 φήμης

412 4466 464 4531 pro
490 4450 619 4529 τροφῆς.
