3592 5400
572 526 669 571 canor
682 527 723 570 iv.
746 526 789 568 ou
804 524 1010 570 erroneorum
1024 524 1223 570 coercemus.
1411 504 1453 568 47

335 689 465 759 poterat:
485 681 523 740 ed
543 681 669 758 priorem
687 681 778 759 igitur
795 680 865 740 libri
884 687 998 756 partem
1018 681 1156 754 quadrat,
1177 680 1254 755 quod
1268 680 1347 740 Plut.
1363 681 1405 738 ait
1418 681 1455 739 de

335 793 461 870 Pythiae
476 792 600 850 oraculis
615 793 663 851 19.
680 813 708 868 p.
722 793 782 850 408
795 810 825 850 e:
842 775 1009 870 Ἡροδότου
1024 786 1075 847 καὶ
1085 781 1255 873 Φιλοχόρου
1269 787 1320 848 καὶ
1330 779 1454 874 Ἴστρου,

335 907 396 961 τῶν
416 896 550 986 μάλιστα
569 897 624 972 τὰς
644 895 807 985 ἐμμέτρους
828 895 969 984 μαντείαις
989 892 1244 983 φιλοτιμηθέντων
1265 906 1454 986 συναγαγεῖν,

337 1006 406 1071 ἄνευ
423 1007 532 1097 μέτρου
546 1007 696 1096 χρησμοὺς
710 1005 908 1096 γιγραρότων
922 1036 948 1068 ι.
969 1011 1102 1069 Indidem
1119 1012 1180 1069 sch.
1195 1011 1283 1070 Hom.
1298 1012 1333 1071 11.
1350 1013 1378 1071 6.
1395 1013 1454 1071 186

336 1124 448 1183 hausitt
468 1118 599 1206 χρησμός
613 1107 705 1187 ἐδόθη
721 1113 867 1180 Ἀλιεῢσιν
883 1115 939 1200 (sic
952 1122 1026 1180 Lob.
1043 1123 1109 1200 Agl.
1129 1115 1236 1198 1088)·
1255 1121 1286 1181 όν
1309 1116 1394 1200 (adde
1409 1106 1454 1200 dl)

336 1229 421 1311 τόπῳ
437 1228 522 1313 (Lob.
534 1226 631 1312 πότῳ)
644 1217 786 1291 Διόνυσον
798 1216 971 1309 ἀλιβδόοιτε
984 1224 1128 1311 θαλάσσῃ.
1144 1228 1207 1312 (Sic
1217 1233 1291 1293 Lob.
1304 1226 1455 1310 pradilia

338 1331 520 1422 βαπτίζοιτε.
542 1343 621 1402 Olim
637 1344 712 1403 Lob.
728 1344 766 1401 ad
781 1343 827 1403 Αἰ.
843 1363 872 1420 p.
887 1345 946 1402 347
962 1343 1008 1401 ed.
1025 1345 1052 1402 1.
1068 1335 1171 1401 ἀλοία
1186 1337 1288 1421 βαπτ.)

401 1455 488 1514 Multi
508 1463 606 1514 autem
624 1454 664 1513 dii
685 1463 717 1513 et
736 1455 839 1513 heroes
858 1471 948 1529 quum
966 1454 1088 1512 somniis
1107 1473 1154 1512 rea
1174 1455 1324 1515 venientes
1344 1456 1455 1534 signifi·

337 1574 452 1637 carent,
477 1567 514 1624 de
540 1565 662 1626 somniis
687 1566 811 1623 alterum
836 1565 943 1624 librum
969 1565 1065 1642 egisse
1091 1565 1223 1624 arbitror.
1267 1565 1354 1626 Certe
1378 1567 1456 1626 iuter

312 1658 494 1754 ‘scriptores
520 1677 557 1734 de
583 1676 760 1735 somniorum
787 1672 966 1734 divinatione
991 1676 1158 1734 nominatur
1179 1695 1198 1734 e
1216 1678 1400 1737 Tertulliano
1419 1679 1455 1736 de

336 1788 435 1846 anima
447 1789 497 1847 46.
526 1788 566 1846 Et
580 1787 714 1865 Fulgent.
727 1787 818 1862 myth.
835 1788 860 1844 1.
877 1788 914 1844 13
932 1831 960 1845 ..
979 1786 1067 1862 „quia
1081 1786 1140 1857 illi,
1161 1787 1211 1862 qui
1226 1788 1263 1845 de
1281 1788 1454 1866 interpreta-

337 1899 415 1957 tione
436 1898 614 1957 somniorum
634 1897 827 1974 seripserunt,
849 1905 881 1954 ut
896 1881 926 1954 ,ί
947 1896 1140 1956 Philochorus
1160 1941 1206 1968 ..,
1231 1899 1405 1975 promittant
1423 1900 1453 1958 in

336 2010 422 2068 libris
437 2009 513 2080 suis,
533 2009 647 2066 laurum
662 2007 687 2067 si
703 2004 913 2066 dormientibus
928 2007 965 2064 ad
981 2013 1067 2082 caput
1086 2007 1233 2083 posueris,
1254 2028 1323 2068 vera
1343 1994 1471 2070 somnia¹

338 2139 404 2178 esse
424 2115 566 2179 visuros.“
597 2117 671 2178 cnm
690 2118 868 2195 Epicharmo
889 2117 1051 2176 coniectore
1071 2137 1090 2174 a
1109 2117 1293 2178 Tertulliano
1314 2122 1354 2179 46
1370 2128 1399 2178 et
1414 2122 1453 2180 47

338 2225 499 2309 („ceterum
519 2229 714 2306 Epicharmus
736 2229 824 2287 etiam
851 2247 995 2287 summum
1021 2229 1133 2305 apicem
1158 2229 1236 2287 iuter
1260 2231 1454 2291 divinationes

338 2340 459 2399 somniis
474 2340 578 2399 extulit
592 2360 657 2398 curn
671 2340 846 2399 Philochoro
861 2331 1070 2417 Atheniensi“)
1085 2340 1278 2418 coniungitur.
1301 2343 1404 2418 ltaque
1418 2344 1455 2402 ad

336 2452 442 2510 librum
462 2452 493 2510 11
512 2452 618 2509 Athen.
634 2452 682 2509 l4.
702 2452 718 2508 7
741 2471 769 2527 p.
790 2451 849 2509 048
862 2450 890 2509 d.
913 2450 1020 2508 resero:
1040 2443 1081 2506 τοὶ
1101 2434 1134 2507 δὲ
1153 2434 1407 2536 ψευδεπιχάρμεια
1426 2495 1454 2512 ..

337 2552 504 2644 Φιλόχορος
520 2545 554 2619 δὲ
568 2559 598 2619 ἐν
613 2565 676 2630 τοῖς
690 2578 720 2618 π.
736 2564 882 2643 μαντικῆς
896 2545 1083 2628 Ἀξιόπιστον
1098 2554 1192 2618 ..τόν
1210 2555 1321 2618 κανόνα
1336 2558 1388 2619 καὶ
1400 2557 1456 2632 τοὶς

336 2665 458 2756 γνώμας
473 2664 534 2751 (Ρο.
551 2664 732 2749 Epicharmi)
752 2663 946 2735 πεποιηκέναι
966 2665 1059 2752 puolo.
1085 2669 1161 2729 Nam
1176 2671 1369 2732 Philochorus
1384 2674 1455 2750 Epi·

337 2784 485 2841 chermum
511 2783 702 2842 coniectorem
728 2782 777 2840 ubi
803 2782 946 2852 laudavit,
975 2782 1013 2840 ab
1038 2782 1105 2841 aliis
1131 2783 1316 2860 Epicharmis
1342 2784 1456 2844 videtur

336 2894 516 2953 distinxisse.
1376 2864 1381 2874 ’

354 3011 358 3029 ”
401 2996 568 3087 Φιλόχορος
588 3002 619 3062 ίν
638 2992 667 3088 γ’
686 2999 752 3087 περὶ
778 3008 924 3087 μαντικῆς
948 3000 1000 3063 καὶ
1025 3010 1170 3089 γυναῖκας
1192 2998 1454 3091 ἐγγαστριμύθους.

338 3113 419 3175 Suid.
440 3134 464 3173 s.
481 3107 716 3199 όγγαστρίμυθος
736 3123 765 3173 et
780 3116 840 3174 sch.
854 3116 932 3175 Plat.
946 3116 1070 3192 sophist.
1085 3137 1114 3193 p.
1129 3118 1199 3176 204.
1214 3118 1242 3177 6.
1259 3112 1310 3196 (37
1314 3120 1331 3177 2
1347 3114 1453 3195 Bekk.)

337 3205 427 3284 Tales
448 3226 644 3301 ventriloquos
664 3226 841 3301 Euryclidas
862 3219 935 3304 (seh.
956 3227 1033 3284 Plat.
1054 3219 1228 3309 Εὑρυκλεῒς)
1249 3237 1367 3287 vocatos
1388 3249 1454 3289 esse

336 3338 374 3394 ab
390 3337 530 3413 Euryale,
552 3336 601 3411 qui
617 3336 687 3394 belli
701 3337 864 3412 Pelopoun.
880 3343 1009 3412 tempore
1024 3337 1173 3395 daemonis
1189 3337 1219 3394 in
1234 3346 1334 3395 ventre
1348 3339 1453 3397 inclusi

337 3466 393 3524 ope
407 3466 454 3505 res
470 3447 619 3505 venientes
634 3447 840 3522 praedixisset,
856 3447 1006 3522 Aristoph.
1019 3465 1100 3520 vesp.
1117 3448 1195 3504 1019
1210 3454 1240 3504 et
1255 3449 1360 3518 schol,
1376 3450 1454 3525 Apo·

337 3559 405 3617 stol.
421 3577 500 3634 prov.
520 3558 547 3616 7¹.
565 3559 620 3628 48,
642 3559 703 3616 sch.
725 3557 801 3615 Plat.
823 3556 956 3625 tradunt,
978 3556 1042 3614 sine
1062 3556 1149 3614 dubio
1164 3557 1265 3615 eodem
1280 3558 1453 3619 Philochoro

337 3675 463 3725 auctore.
493 3667 674 3741 Quibuscum
695 3669 755 3727 seh.
774 3665 1041 3726 Pind.01.12.10
1061 3687 1212 3744 comparo:
1234 3660 1401 3752 Φιλόχορος
1420 3653 1454 3728 δὲ

336 3773 391 3847 τοὶς
406 3777 441 3835 ἐκ
456 3773 554 3860 ριἰμης
569 3774 723 3862 μαντείας,
745 3772 884 3836 τουτέστι
899 3761 1048 3847 κληδόνας
1062 3774 1113 3835 καὶ
1126 3772 1292 3862 πταρμοὺς,
1310 3770 1330 3844 ἢ
1346 3773 1454 3861 φωνάς,

335 3879 356 3952 ἢ
382 3883 497 3971 φήμας,
522 3879 541 3953 ἢ
568 3883 747 3957 ἀπαντόσεις
773 3881 910 3971 σόμβολοί
932 3904 1003 3969 φησι
1025 3880 1206 3973 λέγεσθαι..
1228 3881 1404 3973 Χρόσασθαι
1420 3874 1453 3949 δὲ

336 3996 440 4067 αὐτοῖς
453 3993 573 4082 πρώτην
588 3991 759 4082 Δήμητραν.
789 3997 1023 4075 8ο1ι.Αιὶεῑορ1κ
1039 4018 1083 4058 ον.
1102 4000 1178 4059 722:
1199 3991 1361 4084 Ξόμβολον
1376 3995 1454 4085 όρνιν

337 4105 439 4191 φασίν,
455 4104 519 4167 ἐπεὶ
530 4104 697 4192 συμβόλους
708 4104 824 4174 ἐποίουν
835 4103 905 4177 τοὺς
915 4112 1021 4191 πρῶτα
1033 4095 1238 4180 ἱυναντῶντας
1254 4107 1305 4168 καὶ
1315 4096 1348 4180 ti
1360 4108 1454 4168 ἁπαν·

336 4214 451 4288 τήσεώς
465 4237 496 4276 τι
510 4215 772 4302 προσημαίνοντας.
794 4211 975 4302 Ξυμβόλους
989 4204 1023 4277 δὲ
1037 4216 1088 4276 καὶ
1097 4215 1167 4289 τοὺς
1178 4205 1229 4277 διὰ
1238 4224 1300 4277 τῶν
1306 4223 1454 4304 ,πταρμῶν

337 4313 509 4412 οἰωνισμοὺς
524 4327 640 4414 ἔλεγον.
657 4322 827 4388 ἀνετίθεντο
844 4314 876 4387 δὲ
888 4318 970 4387 οὗτοι
982 4323 1132 4413 Δήμητρι,
1147 4325 1186 4399 ὥς
1198 4346 1268 4413 φησι
1279 4322 1453 4415 Φιλόχορος.

338 4436 482 4498 Similiter
495 4437 624 4515 Hesych.
641 4459 665 4498 s.
682 4424 855 4521 ξυμβόλους.
885 4431 1052 4524 Συμβόλων
1067 4426 1216 4524 ἐξηγητάς
1229 4438 1335 4499 Achill.
1352 4440 1452 4499 Tati

336 4569 365 4625 p.
380 4550 439 4609 283
457 4557 670 4609 commemorat.
692 4549 749 4614 His
764 4550 898 4610 omuibus
914 4550 1105 4609 consideratis
1119 4550 1226 4608 librum
1240 4567 1270 4608 π.
1286 4543 1452 4633 συμβόλων,
