3592 5400
829 800 988 874 GAPUT
1014 804 1064 875 11.

439 976 641 1052 Quaenam
663 977 720 1036 aa
742 973 959 1035 Lraaonun
985 974 1213 1036 Ponrrrrmr
1235 974 1444 1037 Teneone

894 1142 995 1154 μ-σ-

444 1268 624 1345 Porphyrius
640 1285 728 1344 quum
739 1267 776 1324 ad
787 1266 916 1345 Longini
932 1267 1048 1325 scholas
1059 1266 1163 1344 viginti
1177 1286 1317 1325 annorum
1330 1267 1502 1327 adolescens

381 1380 540 1450 accederet,
556 1387 625 1436 ante
639 1379 713 1436 illud
728 1385 841 1454 tempus
854 1397 940 1456 aegre
952 1378 1108 1454 quidquam
1121 1378 1247 1435 scribere
1258 1385 1402 1455 potuerat.
1426 1371 1502 1460 Παρ’

381 1486 483 1566 ἐκείνῳ
500 1475 551 1562 δή,
567 1490 609 1546 ait
624 1490 775 1566 Eunapius
789 1490 840 1546 vit.
856 1489 966 1565 Porph.
986 1491 1023 1546 13
1041 1482 1123 1566 (456.
1144 1491 1181 1546 10
1196 1482 1322 1567 Βοίεε.)“,
1338 1483 1394 1553 τὴν
1409 1481 1503 1571 ἄκραν

382 1585 557 1660 ἐπαιδεύετο
569 1585 714 1674 παιδείαν,
730 1603 942 1685 γραμματικῆς
956 1616 991 1656 τε
1007 1597 1046 1668 είς
1061 1590 1150 1681 ἄκρον
1171 1592 1288 1668 ἁπάσης
1308 1583 1412 1682 ὥσπερ
1427 1598 1503 1658 ἐκεῖ·

382 1730 429 1781 νος
456 1703 634 1793 ἀφικόμενος
656 1706 706 1767 καὶ
727 1708 896 1794 ῥητορικῆς·
925 1703 1005 1774 πλην
1029 1702 1097 1766 ὅσον
1118 1706 1173 1766 οὐκ
1196 1703 1240 1767 ἐπ’
1261 1705 1374 1774 ἐκείνην
1394 1710 1502 1784 ἔνευσε,

383 1817 556 1904 φιλοσοφίας
570 1837 606 1905 γε
620 1824 679 1879 πᾶν
695 1805 773 1890 εἶδος
787 1812 1018 1904 ἐκματτόμενος.
1039 1819 1175 1896 Namque
1186 1813 1338 1905 Λογγῖνος
1353 1863 1374 1877 ..
1392 1817 1503 1898 βιβλιο-

384 1925 460 1999 θηκη
480 1951 525 2001 τις
544 1919 580 1997 ἦν
601 1921 731 2015 ἔμψυχος
751 1927 802 1988 καὶ
821 1934 1003 2013 περιπατοῦν
1024 1935 1177 2014 μουσεῖον,
1199 1926 1250 1987 καὶ
1265 1927 1370 2014 κρίνειν
1384 1948 1420 2016 γε
1435 1926 1503 2000 τοὺς

382 2037 528 2112 παλαιοὺς
543 2036 729 2101 ἐπετέτακτο
746 2034 826 2121 (ibid.
844 2042 916 2100 456.
936 2036 991 2121 1.),
1013 2038 1064 2099 καὶ
1081 2039 1165 2111 εἴτις
1183 2033 1320 2127 κατέγνω
1338 2035 1502 2120 (reprehen-

382 2149 436 2233 dit)
455 2149 534 2223 τινὰς
553 2157 613 2219 τῶν
633 2151 784 2226 παλαιῶν,
806 2150 840 2209 οὐ
859 2147 896 2209 τδ
919 2137 1063 2221 δοξασθὲν
1084 2146 1203 2235 ἐκράτει
1222 2148 1379 2235 πρότερον,
1403 2146 1503 2217 ἀλλή

382 2258 535 2349 Λογγίνου
550 2256 670 2332 πάντως
686 2255 804 2344 ἐκράτει
820 2258 910 2345 κρίσις
926 2257 1017 2341 (illius
1032 2263 1170 2321 iudicium
1185 2263 1242 2321 nisi
1257 2264 1384 2342 Longini
1399 2283 1503 2340 appro-

382 2376 500 2434 batione
520 2374 720 2432 confirmatum
740 2394 798 2431 non
814 2375 938 2432 valebat.
968 2374 1041 2450 Ibid.
1058 2375 1110 2433 lin.
1131 2368 1190 2451 16).
1221 2375 1323 2450 ltaque
1345 2369 1503 2459 pchdhoyoe

384 2478 450 2571 μέν,
465 2486 521 2569 ἐρη
535 2478 702 2563 (Plotinae),
717 2477 909 2570 δΛογγῖνος,
923 2479 1083 2566 φιλόσοφος
1095 2468 1128 2542 δὲ
1140 2468 1280 2567 οὐδαμῶς
1289 2477 1350 2562 (vit.
1359 2479 1502 2563 Paule).

446 2598 510 2656 Hoc
532 2597 621 2675 igitur
642 2596 805 2654 studiorum
831 2615 938 2674 genere
961 2596 1079 2666 duetus,
1106 2595 1287 2671 Porphyrius
1313 2596 1345 2652 in
1366 2596 1504 2672 Dionysii

383 2709 506 2770 Thracis
527 2698 739 2793 γραμματικὴν
753 2699 860 2791 τέχνην
882 2708 1107 2766 commentarios
1127 2715 1283 2783 perpetuos
1300 2708 1418 2785 scripsit
1433 2699 1503 2786 (Vil-

382 2820 486 2878 loison.
508 2819 593 2877 diatr.
613 2812 698 2896 103),
721 2820 756 2875 de
772 2820 876 2895 quibus
892 2819 986 2878 Maur.
1004 2816 1136 2877 Schmidt
1150 2818 1296 2897 Philologi
1315 2840 1344 2895 p.
1363 2820 1424 2877 244
1439 2838 1502 2895 sqq.

382 2950 409 2989 a.
429 2931 507 2989 1653
529 2929 697 3005 disputavit.
736 2927 899 2987 Cohaerere
924 2948 991 2987 cnm
1013 2930 1059 2987 his
1085 2929 1359 2992 commentationem
1378 2931 1414 2987 de
1439 2950 1503 3006 pro·

383 3040 479 3112 sodia,
509 3038 713 3110 aVilloisene
728 3039 827 3098 anecd.
844 3040 882 3098 Π.
897 3059 927 3115 p.
947 3041 1004 3098 103
1034 3040 1156 3110 editam,
1182 3039 1245 3098 eius
1273 3040 1390 3099 exordio
1417 3060 1503 3118 appa-

383 3120 444 3210 ret:
470 3142 574 3209 Ἱστέον
603 3145 649 3207 ὅτι
678 3147 693 3207 ὁ
716 3135 804 3233 Θρᾲξ
825 3142 975 3219 Διονύσιος
1062 3142 1120 3207 Δεῖ
1140 3137 1190 3207 οὖν
1210 3149 1288 3234 ημᾶς
1309 3146 1349 3235 μὴ
1371 3146 1431 3209 ἀπὸ
1451 3155 1504 3221 τῆς

294 3245 296 3250 ’
381 3265 438 3320 τοῦ
464 3255 618 3320 Διονυσίου
651 3255 844 3345 τεχνολογίας
874 3265 929 3330 τῆς
956 3247 1125 3345 ἐξηγήσεως
1157 3247 1317 3343 ἄρξασθαι,
1350 3256 1417 3320 ἀλλ’
1445 3256 1503 3320 ἀπὸ

382 3379 437 3444 τῆς
456 3357 629 3457 προσῳδίας.
665 3373 742 3431 Tum
762 3366 976 3456 γραμματικοὶς
1002 3368 1124 3455 ἀπορίας
1151 3380 1180 3430 et
1201 3372 1240 3441 εἰς
1263 3368 1319 3438 τήν
1341 3365 1504 3431 Μινουκια-

383 3489 433 3543 νοῦ
457 3476 661 3564 (rhetoricam)
684 3476 791 3565 τέχνην
814 3483 933 3559 scripsit
956 3476 1081 3561 (Suid.).
1114 3482 1173 3557 Qui
1195 3484 1396 3564 Minucianus,
1417 3484 1503 3543 Nica·

382 3615 469 3675 gorae
500 3596 648 3672 sophistae
674 3594 766 3664 filius,
798 3595 990 3652 Atheniensis
1017 3593 1154 3653 Gallieno
1182 3595 1358 3670 imperatore
1388 3596 1504 3672 vigebat

384 3699 507 3785 (suinh
523 3705 677 3765 Gallienus
688 3713 788 3761 ‘autem
803 3723 822 3761 a
837 3705 964 3762 secundo
978 3704 1046 3761 inde
1061 3724 1217 3775 annorum,
1236 3724 1309 3781 quos
1323 3706 1504 3782 Porphyrius

382 3815 508 3873 Athenis
519 3815 657 3891 degebat,
676 3834 773 3872 rerum
786 3833 928 3874 summam
940 3818 1068 3874 tenebat.
1092 3816 1134 3875 Ut
1146 3816 1298 3874 rhetoricis
1310 3816 1416 3875 studiis
1427 3817 1504 3875 Lon·

383 3925 444 4004 gini
458 3925 656 4002 praeceptoris
672 3926 836 4001 exemplum
852 3934 968 3984 secutus
983 3933 1043 3995 est,
1058 3926 1101 3983 ita
1117 3925 1156 3995 εἰς
1169 3921 1211 3983 τοὶ
1226 3921 1372 4010 ἁρμονικοὶ
1386 3920 1505 3985 Πτολε-

385 4030 473 4118 μαίου
494 4028 656 4117 ὑπόμνημα
677 4028 769 4112 (cuius
789 4035 894 4094 libmm
916 4037 974 4095 let
989 4036 1057 4093 libri
1071 4037 1101 4094 Π
1120 4036 1236 4094 initium
1250 4038 1354 4096 Wallis
1370 4038 1461 4095 edidit
1475 4037 1504 4094 in

383 4145 655 4205 Mathematicorum
670 4152 748 4203 tomo
765 4148 792 4203 3.
817 4142 912 4205 Oxon.
934 4148 1013 4205 1630
1029 4147 1049 4205 f.
1066 4140 1168 4223 man),
1190 4155 1219 4204 et
1237 4142 1309 4229 πρὸς
1324 4131 1505 4230 Ἀριστείδην

383 4257 474 4316 libros
489 4256 546 4315 Vll
562 4248 683 4333 (Scin),
700 4256 730 4312 ni
745 4256 832 4313 fallor
851 4256 881 4313 in
898 4256 1036 4314 Aristidis
1054 4256 1229 4330 Quintiliani
1244 4258 1352 4316 tresde
1367 4265 1431 4315 arte
1445 4278 1504 4315 mu-

385 4367 446 4426 sica
459 4368 564 4437 libros,
582 4374 792 4425 commentatus
809 4373 867 4435 est,
885 4366 960 4425 sicut
975 4367 1103 4445 Longini
1118 4368 1149 4425 in
1160 4367 1392 4444 Hephaestionis
1409 4369 1505 4426 enchi-

384 4478 479 4536 ridion
495 4485 595 4535 extant
610 4478 730 4536 scholia.
758 4477 895 4553 Quinque
911 4471 1074 4561 ριλολίγοο
1091 4473 1217 4560 ἱστορίας
1232 4480 1322 4538 libros
1335 4472 1439 4557 (suin.)
1455 4500 1504 4537 suo

370 4588 447 4659 ,iure
467 4587 600 4649 Niebuhr
620 4607 717 4666 opusc.
739 4591 764 4646 1.
781 4608 808 4665 p.
829 4579 886 4648 188
909 4595 1010 4646 censet
1030 4582 1200 4672 φιλολόγων
1215 4587 1341 4667 Longini
1364 4588 1504 4672 ἱστοριῶν,
