3592 5400
651 769 1056 844 assummum
1079 769 1144 842 1v.

383 982 440 1041 DE
462 926 734 1040 DAEMONIBUS
760 977 872 1036 APUD
898 974 1190 1036 PHILOSOPHOS
1218 975 1423 1048 GRAECOS,
1492 1021 1494 1023 -

494 1079 679 1142 IMPRIMIS
694 1077 925 1141 PLATONEM
941 1080 997 1138 ΕΤ
1010 1073 1312 1139 PORPHYRIUM.1

855 1245 957 1257 ..---

406 1389 471 1464 Quo
487 1395 617 1465 tempore
631 1388 779 1446 bominum
795 1388 831 1444 de
850 1390 938 1446 rebus
953 1386 1060 1444 divinis
1074 1386 1184 1462 placita
1204 1385 1313 1445 fabulis
1335 1388 1467 1445 eontine-

341 1501 461 1569 bantu1·‚
483 1519 517 1556 eo
532 1498 670 1582 Titanes,
691 1498 770 1556 velut
784 1499 921 1556 Phoebus
937 1505 966 1554 et
980 1497 1081 1566 Luna,
1101 1516 1120 1553 a
1139 1496 1196 1554 diis
1211 1497 1468 1574 distinguebantur

341 1610 425 1684 quasi
439 1609 563 1665 alterum
577 1626 678 1685 genus.
707 1609 753 1666 Ad
768 1610 869 1667 horum
886 1607 1106 1666 similitudinem
1121 1608 1266 1683 posterior
1280 1607 1385 1684 religio
1401 1609 1467 1665 dae-

341 1737 442 1777 mones
458 1718 624 1776 salutiferos
645 1719 743 1790 finxit,
764 1720 894 1794 iniquam
916 1719 1075 1796 Gigantum
1090 1718 1147 1776 vim
1168 1718 1255 1776 malis
1275 1704 1466 1777 daemonibus

342 1829 457 1901 tribuit3
478 1837 573 1887 terrae
592 1837 688 1888 motus
704 1838 781 1888 certe
797 1837 825 1887 et
840 1831 982 1888 montium
1002 1830 1085 1906 ignes
1101 1848 1119 1885 a
1135 1828 1317 1911 Gigantibus
1333 1830 1466 1903 quamvis

342 1940 400 1997 iam
422 1941 453 1997 in
474 1941 600 1998 Tartara
621 1942 741 2000 deiectis
764 1941 840 1998 effici
862 1942 1043 1999 videbantur.
1080 1940 1226 1996 Homerus
1246 1940 1308 1997 suis
1328 1940 1387 1998 diis
1409 1941 1466 1998 vim

342 2058 371 2109 ot
391 2070 513 2126 aequam
534 2060 563 2109 st
582 2052 712 2127 iniquam
732 2052 893 2110 adiudicat:
916 2071 984 2108 narn
1006 2051 1069 2108 eius
1084 2051 1152 2108 Eris
1168 2050 1333 2131 similiaque
1349 2052 1468 2109 numina

248 2224 250 2231 ¹
341 2162 434 2239 magis
455 2182 551 2220 rerum
571 2163 713 2240 imagines
733 2170 817 2232 sunt,
838 2182 925 2239 quarn
947 2162 1077 2240 germani
1098 2161 1149 2220 dii.
1191 2160 1297 2220 Verbis
1318 2161 1465 2221 distinctis

341 2273 452 2348 primus
468 2272 646 2331 Graecorum
660 2272 807 2333 Hesiodus
824 2272 892 2331 deos
909 2280 937 2329 et
953 2273 1108 2332 daemones
1129 2272 1278 2351 disiungit.
1308 2270 1389 2350 Opp.
1407 2273 1464 2331 252

342 2381 453 2441 Goettl.
468 2382 560 2441 canit:

492 2489 555 2577 τρὶς
569 2487 627 2578 γάρ
643 2487 739 2577 μύριοί
754 2494 823 2552 εἰσιν
839 2488 886 2551 ἐπὶ
900 2486 982 2576 χθονὶ
996 2490 1212 2577 πουλυβοτείρῃ

494 2596 639 2663 ἀθάνατοι
654 2580 748 2674 Ζηνὸς
764 2598 895 2686 φύλακες
911 2597 1025 2670 θνητῶν
1041 2589 1227 2688 ἀνθρώπων(

494 2714 522 2773 οἵ
535 2714 571 2800 ρά
586 2708 783 2800 φυλάσσουσίν
798 2734 833 2775 τε
849 2700 932 2785 δίκας
947 2712 997 2773 καὶ
1013 2709 1138 2798 σχέτλια
1153 2716 1235 2801 ἔργα,

493 2821 566 2909 ἠέρα
581 2814 737 2910 ἑσσάμενοι
751 2819 850 2906 πάντῃ
867 2830 1028 2906 φοιτῶντες
1043 2821 1087 2885 ἐπ’
1103 2818 1178 2885 αἶαν.

341 2934 405 2994 Has
420 2937 532 3011 putavit
546 2937 694 2994 hominum
710 2955 775 2994 esse
790 2958 896 2995 aureae
912 2939 1019 2996 aetatis
1035 2937 1157 3016 animas.
1187 2939 1224 2996 V.
1240 2940 1315 2999 122:

495 3040 589 3128 αὐτάρ
606 3030 709 3111 ἐπειδὴ
724 3051 816 3105 τοῦτο
832 3040 917 3131 γένος
932 3043 1012 3105 κατά
1027 3053 1101 3133 γαῖα
1116 3037 1260 3129 κάλυψεν,

492 3150 540 3213 τοὶ
556 3149 609 3239 μὲν
627 3141 764 3240 δαίμονές
779 3156 833 3249 εἰσι
850 3153 919 3227 Διὸς
934 3152 1069 3243 μεγάλου
1086 3143 1136 3215 διά
1151 3138 1276 3235 βουλάς,
1339 3224 1343 3231 ¹

495 3259 611 3344 ἐσθλοί,
629 3260 802 3349 ἐπιχθόνιοι,
820 3261 951 3350 φύλακες
967 3262 1081 3334 θνητῶν
1098 3260 1276 3352 ἀνθρώπων,

494 3374 537 3451 [οἵ
547 3376 584 3458 ρά
599 3371 797 3462 φυλάσσουσίν
813 3396 848 3436 τε
864 3364 948 3447 δίκας
963 3374 1014 3436 καὶ
1030 3372 1154 3463 σχέτλια
1170 3354 1258 3464 ἔργα,
1309 3443 1312 3449 ,

391 3566 392 3569 ¹
429 3474 431 3479 ¹
493 3482 567 3572 ἠέρα
582 3482 738 3573 ἑσσάμενοι
753 3483 852 3567 πάντῃ
869 3494 1030 3572 φοιτῶντες
1046 3484 1089 3548 ἐπ’
1105 3481 1173 3547 αἶαν
1181 3483 1220 3566 ,]²

493 3584 709 3657 πλουτοδόται·
727 3596 778 3657 καὶ
793 3605 884 3657 τοῦτο
901 3593 989 3685 γέρας
1004 3595 1157 3677 βασιλήιον
1173 3588 1268 3685 ἔσχον.

340 3710 505 3787 Argenteae
520 3712 625 3769 aetatis
640 3712 744 3769 Manes
761 3712 918 3769 daemones
934 3710 1060 3769 minores
1076 3730 1142 3770 esse
1157 3721 1257 3771 censet
1271 3734 1297 3773 v.
1315 3718 1389 3773 140:

408 3817 410 3820 ’
494 3815 587 3903 αὐτάρ
605 3818 668 3878 ἐπεὶ
683 3817 734 3877 καὶ
750 3825 841 3877 τοῦτο
858 3814 944 3905 γένος
958 3815 1039 3878 κατά
1054 3827 1128 3905 γαῖα
1143 3805 1293 3904 κάλυψε,Ι
1440 3796 1442 3800 .

493 3926 541 3985 τοὶ
557 3923 609 4012 μὲν
626 3924 804 4013 ἐπιχθόνιοι3
821 3924 951 4015 μάκαρες
967 3924 1069 3997 θνητοὶ
1086 3924 1260 4008 καλέονται,

495 4023 640 4122 δεύτεροι,
658 4035 724 4098 ἀλλ’
740 4042 835 4125 ἔμπης
849 4037 922 4127 τιμά
938 4039 988 4099 καὶ
1003 4048 1096 4101 τοῖσιν
1112 4030 1224 4109 ὀπηδεῖ.

411 4186 476 4237 ¹Ds
493 4184 615 4237 heroibus
639 4192 664 4238 et
687 4187 856 4241 daemonibus
879 4188 989 4241 Oreuzer
1012 4190 1098 4258 symb.
1120 4196 1183 4243 torn.
1200 4190 1225 4245 3.
1248 4208 1274 4261 p.
1293 4190 1456 4244 tlt-sset

340 4288 366 4340 p.
380 4270 507 4323 sat-38
525 4271 564 4323 ed.
582 4270 607 4336 3,
629 4271 660 4323 de
679 4265 848 4325 daemonibus
867 4280 893 4325 st
911 4275 995 4342 geniis
1015 4275 1163 4328 Gerhardus
1180 4276 1207 4328 in
1225 4281 1274 4329 aot.
1292 4276 1364 4329 acad.
1381 4276 1454 4328 Bero-

340 4356 385 4409 lin.
405 4373 428 4408 a.
449 4356 557 4426 18521).
576 4356 704 4409 237-66
723 4357 927 4426 disputaverunt.

410 4441 420 4473 2
438 4442 492 4493 Hos
512 4442 562 4494 duo
580 4459 671 4495 uersus
690 4443 785 4494 inclusi
802 4447 831 4494 ut
849 4458 882 4494 ex
900 4442 951 4495 254
962 4459 1001 4513 sq.
1021 4446 1115 4498 illatos.

409 4524 510 4578 3Ηοιιο
526 4527 664 4583 lectionem
682 4533 768 4583 tuetur
788 4527 912 4582 Gathard.
931 4528 961 4580 de
980 4530 1099 4585 daemon.
1117 4548 1144 4602 p.
1162 4531 1219 4583 254.
