3592 5400
438 2244 510 2331 Peg.
541 2247 576 2321 l,
606 2243 675 2308 Lin.
709 2247 736 2308 l.
761 2250 816 2324 τῆς
838 2245 898 2325 μὲι)
923 2238 975 2324 ἧι.
1005 2244 1188 2311 Exciderunt
1209 2245 1370 2332 quaedam,

394 2382 474 2467 quod
508 2382 624 2469 saepiu·
655 2381 732 2468 apud
765 2387 900 2448 nostrum
933 2382 1059 2460 accidit,
1091 2389 1126 2448 ut
1154 2384 1230 2448 infra
1254 2382 1367 2448 videbi·

394 2543 478 2585 mus:
510 2542 536 2587 v.
559 2542 584 2585 α
616 2519 762 2584 hocloco
786 2528 831 2603 τῷ
854 2522 915 2602 μὲν
939 2519 1026 2598 γένει
1050 2515 1090 2601 ἦν
1115 2519 1297 2599 Μακεδὼν,
1324 2521 1369 2585 vel

393 2658 496 2745 Θρᾲξ,
533 2657 691 2745 πατρίδος
727 2658 761 2724 δὲ
798 2660 1003 2745 Σταγείρων.
1039 2659 1101 2726 Gir.
1132 2660 1205 2727 Vita
1234 2659 1369 2726 Pseudo·

392 2800 547 2864 Ammonii
579 2806 609 2866 et
642 2798 750 2865 Versio
773 2798 871 2865 Vetus
894 2799 1012 2866 Latina.
1035 2800 1139 2866 Possis
1161 2802 1249 2866 etiam
1273 2800 1369 2866 multo

392 2939 504 3005 leniore
536 2940 684 3006 medicina
715 2940 814 3006 locum
843 2941 876 3004 in
896 2941 1049 3027 integrum
1073 2941 1118 3005 aie
1140 2941 1311 3019 restituere,
1334 2945 1369 3005 ut

392 3080 538 3145 revocatis
567 3102 583 3145 e
612 3080 685 3167 fuga
714 3086 843 3167 quatuor
873 3080 1014 3146 litterulis
1045 3079 1173 3147 aeribus:
1205 3079 1368 3167 (πολί)της

390 3220 451 3301 μὲν
475 3214 516 3299 ἦν
540 3219 733 3303 Σταγείρων
758 3257 801 3269 -
827 3219 896 3293 οἷὸς
922 3217 956 3282 δι’
981 3221 1191 3304 Νικομάχου.
1215 3220 1267 3283 Sic
1289 3219 1367 3283 enim

390 3358 503 3444 optime
526 3359 706 3446 scripturae,
726 3358 824 3444 quaiia
843 3381 859 3422 e
878 3358 982 3422 codiee
1002 3357 1126 3445 prodiit,
1146 3357 1222 3422 ratio
1241 3362 1368 3423 constat.

435 3634 513 3701 lbid.
537 3634 605 3698 Lin.
630 3639 658 3699 2.
689 3638 858 3717 Στάγειρα
882 3631 977 3707 πόλις
1001 3634 1145 3719 Θρᾴκης,
1170 3655 1275 3720 nempe
1298 3638 1367 3698 ante

391 3775 550 3852 Thraciae,
573 3781 641 3860 post
664 3772 838 3860 Philippum
863 3773 1066 3839 Macedoniae.
1087 3773 1147 3839 efr.
1167 3775 1204 3838 A.
1224 3772 1315 3837 Stahr
1333 3775 1365 3839 iu

389 3915 465 3981 libro
488 3937 513 3981 e.
537 3914 572 3979 Τ.
594 3915 622 3979 I.
644 3936 710 4001 pag.
735 3919 786 3979 28.

416 4190 512 4260 ibid.
535 4192 603 4258 Lin.
628 4195 659 4257 3.
681 4190 872 4266 Φαιστίδος.
898 4191 964 4257 MS.
988 4191 1076 4258 habet
1100 4192 1237 4266 Θεοτίας
1261 4191 1311 4257 hie
1334 4198 1364 4258 ei

389 4333 672 4420 inepigrammate,
701 4330 782 4417 quod
805 4332 947 4417 sequitur.
978 4330 1101 4395 correxi
1126 4329 1303 4404 Φαιστίδος
1327 4354 1364 4397 ex

301 4442 306 4448 .
389 4471 474 4537 Vera.
498 4471 536 4535 V.
559 4470 595 4537 L.
618 4477 648 4536 et
671 4471 734 4537 vita
757 4472 851 4536 Arist.
875 4470 1038 4535 Ps.-Amm.
