3592 5400
592 1589 1122 1676 PROLEGOMENA.

774 1944 945 1975 «000»-

414 2231 499 2304 Quae
519 2254 580 2308 me,
599 2253 691 2316 quum
712 2231 816 2296 multis
837 2230 946 2296 abhinc
965 2233 1052 2296 annis
1072 2237 1190 2318 portum
1211 2231 1346 2318 proxime

370 2371 556 2458 navigarem,
588 2371 742 2457 rejecerint
773 2377 982 2457 tempestatem
1018 2372 1180 2456 quominus
1215 2370 1348 2456 cupienti

371 2511 534 2576 contractis
565 2511 638 2576 velis
669 2508 848 2576 Corinthum
873 2511 956 2575 adire
977 2511 1155 2598 contigerit,
1178 2532 1286 2575 novere
1308 2510 1347 2585 ii,

370 2650 423 2736 qui
453 2651 531 2716 vitae
561 2650 634 2715 milri
658 2655 793 2738 peractae
815 2649 945 2715 rationes
967 2655 1085 2729 tenent;
1109 2671 1191 2715 nunc
1214 2654 1260 2715 set
1283 2653 1347 2714 esto

371 2787 577 2855 Herodoteum
598 2789 690 2853 illud:
702 2792 720 2851 o'
733 2793 846 2873 χρόνος
860 2786 970 2871 διέφυ,
991 2790 1130 2875 praefari,
1142 2794 1172 2853 et
1185 2789 1349 2863 monuisse,

366 2928 430 3014 jam
460 2953 514 3010 μοι
546 2927 618 3009 μέγ’
642 2926 854 2992 ἄναλὼσαντι
889 2935 995 3011 ψυχῆς
1025 2930 1139 3011 μόριον
1171 2927 1264 3004 diem,
1295 2927 1348 3011 qui

372 3066 444 3131 mihi
469 3066 605 3144 suadeat,
630 3073 663 3131 ut
692 3066 825 3131 doctoris
848 3066 974 3152 gradum
998 3066 1117 3130 tandem
1141 3086 1222 3130 nunc
1246 3086 1347 3151 cupes-

371 3230 449 3285 sam,
472 3205 616 3271 illuxisse.
647 3205 745 3278 Quem
776 3205 916 3290 consequi
942 3210 977 3269 ut
1000 3203 1073 3270 mihi
1097 3204 1202 3280 liceat,
1228 3205 1349 3270 Aristo·

371 3345 440 3410 telis
462 3344 692 3431 Biogruphiam‚
716 3344 752 3408 ud
776 3343 857 3409 hunc
880 3366 975 3429 usque
995 3344 1071 3408 diem
1091 3343 1253 3418 ineditam,
1272 3343 1348 3408 mihi

371 3492 405 3549 ut
444 3483 604 3569 aliqnando
644 3483 711 3547 datu
742 3483 897 3546 occasione
928 3482 1044 3547 ederem
1079 3506 1096 3547 u
1123 3482 1199 3546 Viro
1234 3481 1344 3547 Claris-

371 3624 446 3688 simo
478 3644 533 3687 nec
565 3623 664 3687 minus
697 3622 879 3686 amicissimo
910 3620 945 3686 0.
978 3622 1015 3687 G.
1039 3620 1135 3686 Cobet
1160 3643 1347 3695 concessum,

371 3761 483 3850 publici
504 3763 599 3827 facere
614 3761 694 3847 juris
713 3761 814 3826 statui.
836 3760 1060 3878 Descripteoest
1079 3727 1116 3825 ex
1134 3759 1247 3826 Codice
1266 3759 1345 3825 Mur·

372 3903 456 3967 cinno
480 3902 597 3966 Veneto
628 3899 721 3977 000,
752 3900 804 4000 qui
835 3898 909 3965 liber
932 3900 1041 3987 passim
1065 3900 1127 3964 situ
1151 3900 1279 3966 detritus
1302 3907 1348 3965 est

372 4049 401 4107 et
431 4041 509 4106 lacer
541 4046 571 4105 et
599 4062 751 4127 perrosus,
781 4046 816 4104 ut
847 4046 958 4104 scateat
989 4039 1121 4117 lacunis,
1148 4062 1222 4124 quus
1244 4062 1347 4105 omnes

372 4168 602 4267 diligentissime
623 4179 753 4243 indicavi
775 4184 804 4242 et
823 4177 1005 4264 ubicumque
1021 4179 1084 4243 fieri
1105 4180 1204 4265 potuit
1221 4179 1347 4265 explevi.

416 4319 512 4384 Simul
536 4319 617 4405 typis
641 4319 837 4383 mundandum
861 4319 962 4384 curavi
989 4318 1128 4383 Latinam
1153 4319 1347 4395 Versionem‚

372 4481 459 4543 quum
499 4459 613 4545 primns
655 4458 751 4523 edidit
792 4458 825 4523 P.
860 4458 890 4523 J.
926 4458 1103 4524 Nunnesius
1145 4458 1244 4545 Lugd.
1279 4458 1347 4522 But.

756 4791 1047 4901 38933u
