3592 5400
335 510 395 574 140
822 537 915 580 usas
935 540 955 580 1.

459 682 580 753 Αἰπεινά
597 682 667 771 μὲν1
683 674 751 758 ὁδός
766 683 909 772 μακάρων
923 686 1050 774 τρηχεῖά
1063 709 1100 750 τε
1114 689 1239 768 πολλόν,

458 783 671 881 χαλκοδέτοιςί
686 794 726 856 τά
740 803 846 882 πρῶτα
862 785 1051 885 διοιγομένιγ3
1065 801 1223 862 πυλεῶσιν.

208 919 228 957 Ρ·
241 919 285 958 ⁴1³·
356 895 429 969 130.
459 905 618 991 ἀτραπιτοὶ
633 893 666 967 δὲ
680 905 780 968 έασιν4
794 902 959 992 ἀθέσφατοι
974 912 1169 997 έγγεγαυῖαι,

458 1018 491 1088 ἀς
506 1024 618 1102 πρῶτοι
634 1014 770 1102 μερόπων
785 1014 829 1077 ἐπ’
844 1017 985 1104 ἀπείρονα
999 1010 1121 1105 πρῆξιν5
1137 1027 1249 1108 ἔφηναν

458 1129 484 1189 ot
498 1125 534 1188 τό
551 1124 662 1188 καλόν6
677 1126 809 1199 πίνοντες
824 1116 903 1214 ὕδωρ
919 1118 1102 1204 Νειλώτιδος
1117 1129 1215 1205 aiud·

457 1236 573 1310 πολλάς
587 1237 638 1297 καὶ
652 1233 790 1308 Φοίνικες
805 1225 892 1310 oborn
908 1237 1051 1325 μακάρων
1067 1228 1199 1310 ἐδάησαν
1206 1242 1226 1315 ⁸,

458 1343 616 1432 Ἀσσύριοι9
628 1334 728 1408 Λυδοί
742 1347 808 1408 τε10
822 1348 873 1408 καὶ
887 1343 1032 1435 Ἑβραίων
1039 1348 1062 1386 ¹¹
1077 1349 1160 1438 γένος
1175 1341 1299 1439 ἀνδρῶν.

399 1509 408 1541 ¹
428 1503 512 1571 ἐπαινὴ
530 1505 586 1569 DE,
604 1503 682 1571 ἐπεινὴ
700 1506 720 1560 I.
751 1507 819 1558 Tum
836 1503 883 1575 γάρ
901 1524 948 1576 pro
967 1506 1010 1576 μὲν
1028 1508 1137 1562 Boura

400 1589 410 1623 ²
428 1589 526 1660 χαλκοῦ
545 1588 571 1640 δὲ
589 1592 648 1650 τοῖς.
677 1591 717 1643 Ab
740 1590 901 1660 χαλκοδέτοις
918 1608 1003 1661 usque
1023 1594 1056 1645 ad
1074 1592 1196 1663 Ἑβραίοις
1213 1595 1294 1650 rerba
1317 1598 1447 1669 descripsit

331 1673 482 1728 Theodorot.
502 1674 545 1726 Gr.
565 1674 607 1726 aff.
626 1691 680 1727 sau.
699 1675 764 1744 disp.
780 1677 800 1727 l.
820 1677 894 1743 itum.
908 1676 923 1727 4
936 1693 961 1745 p.
975 1678 1024 1730 705
1037 1677 1158 1746 βεβαία).
1216 1681 1227 1713 ³
1246 1681 1402 1752 διοιγομένης
1419 1684 1445 1737 ll.

398 1761 409 1791 ⁴
428 1759 471 1812 Sic
482 1758 564 1822 BFG3
583 1756 647 1810 ἔασιν
666 1777 747 1829 usque
765 1760 797 1811 ad
815 1758 956 1829 έγγεγαυῖαι
974 1756 1025 1816 orn.
1039 1762 1074 1826 u;
1093 1760 1173 1814 έασσιν
1191 1764 1246 1816 roll.
1275 1764 1387 1836 Propter
1397 1767 1445 1820 hia·

330 1849 387 1926 turp
405 1845 553 1913 scripserim
571 1845 593 1895 δ’
612 1843 716 1895 ἐπίασιν.
809 1845 819 1876 ⁵
839 1846 867 1896 lu
884 1851 1040 1914 perpetuum
1059 1864 1135 1900 usum
1152 1849 1341 1917 patefecerunt.

399 1931 410 1963 ⁸
428 1929 569 1999 Corripitur
587 1948 603 1979 α
620 1930 689 1998 apud
705 1937 796 1999 poetas
813 1931 984 2000 posteriores,
1002 1938 1142 2000 praeeunte
1159 1933 1273 1987 Hesiodo
1291 1934 1381 2006 theog.
1393 1937 1445 1991 585.

331 2031 390 2087 orn·
409 2014 449 2068 63·
519 2059 522 2065 -
1075 2070 1082 2082 ,

398 2101 483 2154 “Huc
504 2103 631 2171 respicere
649 2102 751 2154 uidetur
772 2102 874 2153 Aeneas
898 2101 959 2154 Gaz.
978 2102 1106 2172 Theophr.
1128 2121 1154 2172 p.
1175 2104 1209 2156 lo
1224 2104 1325 2158 Boias:
1345 2105 1444 2168 αύτδςύ

330 2184 462 2238 Ἀπόλλων
481 2187 521 2238 καλ
540 2184 553 2237 ὁ
572 2186 660 2238 τούτου
679 2188 735 2245 παῖς
748 2183 853 2236 Πλάτων
872 2183 1046 2255 ὁμογνώμονες
1060 2227 1065 2237 .
1079 2228 1085 2238 .
1098 2191 1149 2248 τοῖς
1161 2187 1301 2258 Αἰγυπτίοις
1320 2194 1443 2261 γεγόνασι·

321 2270 344 2324 ,ό
363 2271 405 2341 μὲν
418 2271 484 2323 υίίτω
503 2290 555 2330 πως
573 2265 733 2340 χρησμῳδῶν
753 2268 909 2322 ὁἌπόλλων
921 2271 961 2321 καλ
980 2271 1084 2323 κελεύων
1097 2277 1147 2332 τοῖς
1165 2276 1215 2324 τῶν
1226 2271 1368 2343 Αἰγυπτίων
1381 2275 1444 2346 eripi<

330 2376 390 2428 μασι
407 2361 536 2426 πανταχοῦ
554 2355 676 2406 πείθεσθαι
696 2395 700 2404 .
721 2395 725 2405 .

398 2443 408 2476 ⁸
426 2442 518 2495 Iulian.
534 2441 627 2493 orati
645 2457 670 2509 p.
683 2439 734 2492 220
751 2445 787 2509 (p.
801 2441 850 2492 411
863 2441 975 2509 Petaul:
995 2441 1091 2511 Σεμέλη
1101 2437 1174 2512 ’σοφὴ
1192 2440 1222 2494 τά
1240 2445 1307 2496 θεῖα·
1327 2450 1384 2508 παῖς
1402 2447 1443 2517 γὰρ

330 2523 358 2594 ἦν
376 2525 477 2596 Κάδμου
496 2531 540 2578 τοῦ
558 2526 685 2586 Φοίνικος·
708 2526 802 2586 τούτοις
825 2525 852 2577 δὲ
870 2526 910 2577 καλ
933 2525 946 2577 ὁ
970 2526 1023 2587 θεὸς
1041 2527 1129 2597 σοφίαν
1147 2532 1277 2598 μαρτυρεῖ·
1301 2531 1399 2592 πολλὰς
1414 2561 1443 2573 ·-

329 2608 443 2679 έδόιησαν,
478 2614 519 2666 Ita
541 2612 619 2665 homo
644 2611 766 2664 Sidonius
790 2609 922 2679 ἐγνωκέναι
943 2609 974 2663 τά
996 2611 1019 2672 ές
1037 2613 1065 2663 τό
1087 2613 1150 2664 θεῖον
1169 2610 1259 2682 ἔφασκε
1277 2615 1396 2676 Φοίνικας
1416 2655 1443 2669 ..

329 2698 457 2766 Ἐλλήνων
470 2698 565 2768 βέλτιον
576 2697 720 2750 Pausaniae
733 2699 756 2751 7.
770 2697 810 2753 23.
823 2697 846 2750 6.
860 2729 893 2737 -
911 2697 1005 2753 Euseb.
1018 2716 1056 2768 pr.
1069 2715 1108 2753 er.
1124 2698 1146 2753 l.
1161 2698 1184 2751 6.
1200 2698 1212 2751 l
1230 2717 1256 2770 p.
1271 2702 1302 2753 17
1315 2702 1346 2754 b:
1365 2700 1443 2754 Φοίνι-

330 2804 372 2846 κας
395 2789 525 2855 τοιγαροῦν
547 2784 587 2835 καλ
604 2782 750 2854 Αἰγυπτίους
769 2783 881 2853 πρώτους
905 2780 1018 2836 ἁπάντων
1037 2781 1172 2853 ἀνθρώπων
1195 2784 1293 2855 κατέχει
1316 2786 1392 2857 λόγος
1414 2827 1442 2841 ..

330 2865 431 2941 ἀστέρας
453 2870 522 2930 θεοὺς
545 2868 680 2938 ἀποφῆναι,
705 2862 755 2921 εἶτα
778 2868 804 2921 δὲ
826 2868 868 2929 τὰς
891 2867 959 2938 παρὰ
980 2873 1031 2928 τοῖς
1055 2871 1114 2920 πᾶσι
1137 2869 1264 2938 βοωμένοις
1283 2870 1406 2933 θεοποιίας
1422 2888 1444 2923 τε

329 2953 370 3005 καλ
388 2954 511 3023 θεογονίας
535 2952 709 3023 εἰσηγήσασθαι
726 2958 763 3023 τῷ
783 2953 841 3023 βίῳ·
869 2951 918 3023 πρό
943 2954 972 3005 δέ
987 2972 1016 3023 γε
1038 2954 1132 3005 τούτων
1157 2953 1249 3022 μηδένα
1273 2955 1350 3024 μηδὲν
1373 2956 1443 3009 πλέον

329 3041 379 3091 τῶν
397 3039 450 3090 κατ’
469 3038 572 3108 οὐρανόν
591 3039 741 3108 φαινομένων
760 3036 859 3106 εἰδέναι,
879 3034 972 3107 ὀλίγων
990 3037 1059 3098 ἐκτός
1077 3036 1172 3108 ἀνδρῶν
1189 3042 1239 3090 τῶν
1253 3038 1313 3109 παρ’
1326 3039 1444 3111 Ἑβραίοις

330 3123 556 3194 μνημονευομένων.
592 3125 651 3193 lpse
674 3123 832 3195 Porphyrius
855 3124 882 3177 in
905 3124 971 3176 libro
994 3124 1052 3176 adr.
1077 3123 1238 3177 Christianos
1262 3132 1357 3194 quarto
1380 3125 1444 3197 apud

328 3208 422 3262 Eusob.
440 3226 478 3279 pr.
497 3226 535 3263 ον,
556 3210 577 3262 l.
595 3210 619 3264 9.
637 3209 669 3262 29
687 3227 713 3279 p.
730 3208 763 3262 32
775 3210 804 3262 b:
824 3208 846 3259 οί
863 3208 1011 3260 παλαίτατοι
1032 3211 1082 3261 τῶν
1107 3206 1252 3278 βαρβάρων,
1276 3208 1404 3280 ἐξαιρέτως
1420 3209 1444 3263 δὲ

329 3293 440 3355 Φοίνικές
458 3312 483 3346 τε
507 3295 547 3346 καί
563 3292 701 3364 Αἰγύπτιοι,
727 3295 784 3365 παρ’
803 3287 837 3344 ὧν
856 3293 896 3345 καὶ
914 3292 937 3344 σί
954 3293 1037 3345 λοιποί
1057 3293 1198 3363 παρέλαβον
1216 3290 1356 3365 ἄνθρωποι,
1380 3295 1444 3356 θεοὺς

328 3376 439 3449 ἐνόμιζον
457 3380 586 3450 μεγίστους
604 3379 659 3440 τοὺς
678 3376 708 3431 τά
726 3380 786 3449 πρός
804 3378 847 3445 τὴν
866 3377 980 3447 βιωτικίγν
992 3379 1075 3449 χρείαν
1093 3378 1215 3447 εὑρόντας.
1238 3379 1444 3435 Sanchuniatho·

328 3466 369 3518 nis
386 3464 536 3534 Berytensis
554 3465 586 3517 da
603 3465 652 3517 diis
669 3464 766 3534 placita
783 3465 845 3517 ibid.
864 3465 888 3534 β.
902 3464 933 3516 21
952 3481 978 3533 p.
991 3464 1023 3517 31
1041 3480 1079 3533 sq.
1094 3463 1234 3533 praedicat.

396 3550 407 3585 ⁹
425 3550 560 3615 Chaldaei,
573 3551 635 3620 quia
646 3550 804 3619 Babylonia,
816 3550 863 3603 ubi
879 3549 1042 3613 habitabant,
1054 3549 1156 3618 imperii
1168 3550 1269 3617 Assyrii
1280 3567 1343 3620 pars
1354 3551 1444 3605 fuerat

327 3636 360 3689 Hi
382 3636 460 3706 primi
481 3641 610 3689 astrorum
633 3641 660 3688 et
681 3642 803 3688 naturam
823 3635 986 3688 intellexisse
1009 3640 1035 3687 et
1058 3634 1263 3703 significationes
1285 3636 1445 3707 interpretati

327 3737 385 3774 esse
407 3722 579 3774 credebantur
600 3737 629 3774 ao
651 3726 725 3773 tauta
746 3736 901 3773 arcanarum
925 3720 1019 3771 artium
1037 3720 1110 3771 lama
1125 3718 1267 3783 florebant,
1291 3725 1322 3772 ut
1339 3723 1388 3775 toti
1404 3721 1444 3774 isti

327 3807 555 3875 praestigiatorum
573 3807 663 3875 generi
679 3822 776 3858 nornen
792 3805 963 3874 impertirent.

385 3889 408 3922 ¹⁰
426 3890 532 3943 Lnoiau.
552 3890 583 3941 de
601 3889 649 3941 dea
667 3877 744 3959 Syria
757 3890 799 3943 15:
819 3886 910 3954 Ἄττης
933 3888 960 3940 δὲ
982 3888 1051 3957 γένος
1069 3889 1147 3950 Λυδός
1171 3888 1214 3958 μὲν
1232 3883 1276 3957 ἦν,
1298 3894 1398 3960 πρῶτος
1420 3889 1444 3942 ol

327 3971 358 4024 τά
376 3967 447 4042 ἀργία
464 3971 488 4033 ἐς
506 3972 576 4039 Ῥέην
594 3972 728 4035 ἐδιδάξατο.
762 3975 802 4026 καλ
819 3971 850 4026 τά
867 3974 966 4043 Φρύγες
984 3973 1025 4025 καί
1042 3972 1117 4025 Λυδοὶ
1135 3972 1175 4023 καλ
1192 3973 1354 4043 Σαμόθρᾳκες
1370 3974 1444 4027 ἔπιτε-

328 4056 423 4126 λέουσι,
441 4054 535 4109 Ἄττεω
554 4055 632 4109 πάντα
649 4056 748 4129 ἔμαθον.
777 4060 862 4112 Etiam
880 4060 1049 4111 Etruscorum
1069 4059 1107 4110 rei
1125 4057 1228 4110 divinae
1245 4060 1342 4128 peritia
1359 4062 1443 4113 claria-

327 4144 453 4196 simorum
474 4144 588 4195 maiores
610 4143 677 4211 Lydi
697 4145 863 4213 putabantur.
900 4144 938 4196 Of.
956 4144 1026 4198 Fest.
1050 4160 1072 4196 s.
1090 4143 1174 4197 Sardi.
1197 4144 1258 4197 Tac.
1277 4147 1345 4197 Anu.
1363 4146 1387 4199 4.
1404 4145 1443 4199 55.

326 4228 392 4283 Ρίίιι.
409 4246 435 4283 n.
453 4227 478 4282 h.
495 4227 519 4280 3.
536 4227 560 4279 5.
579 4227 607 4291 8,
629 4233 659 4279 ut
679 4229 781 4280 mittam
803 4234 903 4297 poetas.
936 4230 1057 4282 Fortasse
1075 4229 1154 4281 etiam
1171 4229 1309 4282 Maeonius
1327 4236 1412 4295 vates,
1429 4246 1444 4281 a

328 4330 379 4383 quo
399 4313 490 4366 Graeci
508 4312 628 4365 didicisse
646 4329 687 4376 se,
706 4314 794 4382 quales
813 4313 849 4364 dii
866 4318 966 4377 essent,
984 4314 1130 4378 iactabant,
1154 4314 1252 4366 oraculi
1270 4317 1371 4368 auctori
1387 4321 1443 4367 anto

328 4399 443 4450 animum
461 4399 621 4451 versabatur.

385 4484 406 4516 ¹¹
424 4483 481 4536 Huo
498 4484 600 4536 Aeneas
619 4482 681 4536 Gar.
694 4481 821 4552 Theophr.
840 4499 865 4552 p.
878 4482 911 4535 73
928 4483 1013 4539 Boiss.
1032 4486 1149 4557 respicit:
1166 4484 1197 4536 τὰ
1214 4482 1242 4538 δὲ
1259 4487 1309 4538 τῶν
1324 4483 1441 4556 Ἑβραίων

328 4566 415 4642 λόγια,
434 4566 450 4618 ἀ
467 4566 497 4620 τὰ
514 4573 558 4623 τοῦ
576 4566 734 4630 Ἀπόλλωνος
752 4566 874 4640 ἀνέμνησε
891 4568 973 4641 λόγια.
