3592 5400
676 497 773 540 CAPUT
789 498 816 539 V·
839 498 882 540 DE
897 496 1102 540 OWOEORW
1115 497 1238 540 nrum.

549 639 634 694 Ἔστιν
652 639 676 693 ἐν
695 642 833 712 Τρηχῖνοςι
852 640 893 710 αἴῃ
911 644 988 707 κῆπος
1006 640 1168 711 Ἡρακλείως,

550 726 619 778 πάντ’
638 723 703 796 ἔχων
722 723 859 793 θάλλοντα,
878 727 938 776 πᾶσι
956 726 1103 795 δρεπόμενοι
1122 726 1300 795 πανημαδόνῖ·
1409 760 1411 765 ·
1520 776 1526 789 ,

550 809 604 862 οὐδ’
623 806 762 874 ὀλιζοῦται,
782 807 875 880 βέβριθε
894 809 916 860 δ’
927 804 1035 861 ὑδάτεσιν
1054 808 1183 874 διηνεκέςῑ.

397 940 500 999 Finem
516 937 624 997 oraculi
640 937 831 1013 philosophus
847 956 905 993 uon
920 935 1033 1008 attulit3
1049 936 1123 1019 idem
1140 911 1313 1014 responsum
1328 945 1417 996 autea
1429 938 1517 997 Calli-

397 1057 488 1108 strato
500 1047 622 1107 Pontico
635 1047 787 1105 mercatori
799 1046 898 1103 datum
911 1065 975 1105 esse
987 1046 1076 1105 addit.
1100 1048 1209 1104 Postea
1220 1065 1283 1122 cap.
1298 1047 1336 1106 23
1350 1048 1393 1105 ita
1408 1050 1516 1126 pergit:

397 1151 481 1216 Ἐπεὶ
496 1142 528 1215 δέ
544 1174 594 1240 μοι
609 1150 649 1214 τοὶ
667 1160 722 1225 τῆς
737 1151 877 1239 ἐμπορίοις
891 1140 951 1221 ἤδη
971 1150 1027 1242 πρὸ
1045 1140 1117 1213 ὁδοῦ
1132 1143 1182 1230 ἦν,
1203 1139 1309 1238 ἀνδρὸς
1330 1140 1364 1215 δὲ
1386 1141 1449 1215 ἔδει
1464 1162 1517 1215 τοῦ

397 1248 657 1351 ξεναγωγὴσοντος
672 1261 720 1323 ἐπὶ
732 1260 788 1331 τὴν
804 1261 921 1347 σοφίαν,
942 1257 1052 1347 ἄπορος
1068 1249 1101 1323 δὲ
1117 1260 1261 1340 (difficilis
1276 1260 1413 1346 inventu)
1436 1263 1517 1350 ἐφαί-

397 1395 465 1435 νετο
478 1365 577 1449 οὗτος,
593 1370 626 1434 σὲ
638 1369 686 1454 (ad
699 1375 863 1452 Apollinem
877 1375 1006 1434 Clarium
1018 1368 1097 1453 dicit)
1110 1360 1239 1459 ἐδεόμην
1250 1371 1302 1432 καὶ
1312 1368 1424 1433 τούτου
1437 1372 1517 1462 γενέ-

397 1479 465 1544 σθαι
480 1470 640 1551 tudelae-av.

600 1609 647 1665 Ἔν
665 1613 738 1683 χῑτε4
757 1616 833 1665 τοῖσιν
852 1612 1021 1666 εὐτελέεσσιν5
1038 1610 1079 1679 ἠδ’
1098 1589 1208 1686 Ἀχαιοῖς
1226 1613 1299 1684 χρέος

601 1697 710 1767 θήσεται,
729 1697 757 1749 rh
777 1698 798 1749 δ’
811 1696 988 1770 ἐνιτειιμαρῦὲν6
1006 1701 1026 1768 †
1045 1697 1102 1750 οὐδὲ
1121 1698 1207 1770 μικρὸν
1225 1697 1328 1759 ἕξεταιῗ.

467 1870 475 1905 ¹
499 1869 566 1922 Ante
586 1868 667 1925 Gaisi.
688 1869 811 1922 edebatur
828 1868 957 1939 Τριχῆνος.
994 1860 1104 1921 Oracula
1121 1868 1258 1921 exordium
1275 1884 1354 1938 saepe
1372 1884 1391 1920 a
1407 1869 1459 1921 loci
1477 1870 1517 1922 de·

398 1955 536 2025 scriptione
554 1955 672 2024 capiunt,
690 1956 762 2007 velut
777 1953 871 2022 Pythia
889 1955 922 2006 ad
940 1955 1070 2022 Tegeates
1087 1954 1157 2023 apud
1169 1953 1290 2006 Herodot.
1302 1953 1382 2019 167,
1400 1954 1433 2006 de
1451 1957 1517 2007 colo·

397 2041 441 2092 nia
458 2040 601 2108 Syracusas
620 2038 769 2092 deducenda
787 2039 820 2090 ad
836 2037 960 2091 Archiam
976 2039 1045 2109 apud
1062 2038 1139 2093 Paus.
1153 2037 1179 2094 5.
1192 2038 1216 2092 7.
1230 2037 1260 2103 2,
1278 2037 1312 2089 ad
1323 2038 1517 2092 Mantineenses

397 2141 438 2194 ap.
452 2125 563 2178 eundem
581 2123 605 2176 8.
617 2125 641 2178 9.
656 2123 680 2176 ‘A

465 2209 477 2245 ²
499 2210 554 2262 Hoc
575 2209 703 2260 vocabulo
726 2225 772 2277 pro
797 2211 913 2277 πανῆμαρ
932 2207 1066 2276 Oppianus
1088 2207 1149 2262 hal:
1165 2207 1190 2261 3.
1207 2207 1258 2260 360
1279 2208 1369 2260 utitur.
1405 2208 1517 2261 Noverat

398 2294 532 2346 oraculum
549 2291 705 2358 Hesychius,
728 2293 773 2360 qui
796 2292 991 2361 πανημαδόν,
1014 2291 1053 2343 διὰ
1076 2291 1129 2360 βίου
1151 2297 1177 2344 et
1199 2289 1375 2360 ὀλιζοΰται,
1399 2297 1515 2362 μειοῦται,

399 2372 526 2446 ὄλιγοῦται
543 2377 666 2445 explicat.
879 2445 882 2451 ἡ

465 2460 476 2494 ³
500 2460 580 2514 Oodd.
595 2456 657 2530 opti.
670 2461 717 2513 ΑΗ
734 2461 872 2529 διηνεκέσιν,
892 2461 989 2513 omissa
1006 2462 1134 2531 particula
1152 2454 1202 2530 εἶτ’,
1226 2477 1278 2531 qua
1296 2460 1447 2516 Oenomaus
1471 2480 1517 2516 sua

396 2547 476 2599 rerba
493 2546 615 2599 annectit.
649 2546 716 2601 Reli.
734 2543 891 2611 διηνεκέσσιν.
927 2545 1082 2598 Emendavit
1098 2546 1215 2600 Holsten.
1235 2547 1267 2598 ad
1284 2546 1380 2617 Porph.
1394 2549 1441 2601 rit
1453 2550 1516 2601 Plot.

397 2647 453 2702 cap.
463 2624 505 2686 26.
540 2630 673 2684 Praecedit
684 2632 712 2683 in
724 2631 797 2686 codd.
812 2628 946 2682 ὑδάτεσσιν.
976 2631 1057 2684 Gaisi.
1070 2631 1138 2685 coni.
1152 2628 1255 2699 ἄνθεσιν,
1267 2631 1326 2686 coll.
1338 2633 1417 2687 Hom.
1427 2631 1516 2702 hymn.

397 2717 430 2769 ad
448 2717 503 2769 Oer.
522 2717 586 2769 478:
611 2713 704 2791 ᾄνθεσιν
727 2717 809 2787 εὐρεῖα
831 2715 902 2787 χθὼν
925 2713 1008 2785 ε”βρισ’Ι
1043 2718 1160 2786 Holsten.
1179 2717 1274 2771 idoare.
1309 2716 1344 2769 At
1366 2737 1381 2768 υ
1399 2719 1528 2780 vocabuli

397 2788 478 2869 idnp,
496 2802 574 2859 modo
592 2802 619 2853 in
637 2801 849 2854 hexametrorum
867 2802 921 2853 arsi
932 2802 1069 2869 aliquoties
1081 2802 1250 2871 productum,
1267 2802 1362 2854 natura
1376 2802 1455 2855 breve
1467 2810 1514 2856 est.

397 2884 486 2936 Potest
503 2885 607 2937 coniici:
627 2883 741 2936 ὑδατέσιν.
771 2884 883 2954 Hesych.
897 2885 969 2938 Suid.
982 2881 1056 2941 Phot.
1075 2884 1234 2954 ὗδατίδες,
1253 2888 1380 2956 σταγόνες.
1408 2887 1516 2957 Propius

367 2959 376 2967 ’
397 2969 476 3020 etiam
500 2969 532 3021 ad
555 2970 628 3021 codd.
653 2967 762 3020 ὑδάτεσιν
787 2970 899 3033 accedit,
923 2987 989 3038 quae
1013 2971 1098 3023 forma
1120 2971 1160 3024 his
1183 2973 1310 3040 exemplis
1334 2972 1515 3025 confirmatur:

397 3051 488 3122 αἴγεσιν
505 3054 580 3105 Hom.
593 3054 622 3105 11.
638 3054 676 3106 lO.
689 3055 752 3119 486,
771 3054 862 3124 χείρεσι
879 3055 941 3108 ibid.
951 3056 993 3110 20.
1007 3055 1069 3119 468,
1085 3053 1159 3107 ἴνεσιν
1171 3056 1233 3109 ibid.
1246 3056 1287 3108 23.
1302 3057 1362 3120 191,
1383 3055 1457 3108 οἷεσιν
1471 3057 1515 3110 Od.

398 3138 437 3191 15.
451 3137 516 3201 386,
532 3135 655 3190 ἀνάκτεσιν
668 3139 730 3193 ibid.
744 3139 802 3192 557.
816 3140 971 3209 δαιτυμόνεσι
988 3140 1108 3212 Herodot.
1122 3141 1149 3205 6,
1162 3140 1207 3205 57,
1220 3139 1333 3211 ιτλεόνεσι
1344 3142 1408 3194 ibid.
1422 3143 1446 3197 7.
1455 3142 1516 3206 294,

397 3221 481 3292 μήνεσι
496 3222 558 3275 ibid.
577 3223 602 3277 4.
615 3223 648 3276 43
661 3229 687 3276 et
698 3222 722 3277 8.
736 3223 777 3276 51.
795 3240 836 3264 -·
850 3224 948 3277 Versus
973 3225 1102 3277 sententia
1125 3231 1177 3277 est:
1200 3222 1291 3278 hortus
1313 3213 1357 3278 ille
1381 3243 1515 3297 nunquam

396 3307 559 3373 diminuitur,
585 3309 604 3362 i.
623 3308 760 3361 eoadem
783 3326 886 3378 semper
908 3308 1004 3363 flomm
1026 3310 1211 3379 imctnumque
1234 3311 1311 3379 copia
1336 3312 1467 3377 abundat,
1492 3319 1517 3364 et

394 3391 503 3445 humore
526 3393 622 3463 gemit,
643 3395 661 3449 i.
676 3411 697 3447 e.
716 3394 787 3449 dum,
799 3396 901 3465 reliqua
924 3400 993 3447 terra
1014 3395 1070 3447 sole
1092 3396 1200 3460 arescit,
1227 3396 1273 3448 illc
1294 3395 1428 3462 fontibus,
1450 3408 1515 3462 rore,

393 3479 488 3547 pluviis
505 3478 636 3547 irrigatur.

462 3563 473 3595 ⁴
496 3560 519 3613 ἐν
539 3579 565 3614 σε
582 3564 686 3629 EFGH;
709 3562 777 3617 inira
799 3560 822 3615 ἐν
848 3562 960 3635 δὲομιτ,
980 3564 1038 3629 AH,
1054 3560 1090 3631 ¹i'r
1113 3582 1140 3616 σε
1157 3563 1260 3630 BOFO3
1288 3565 1343 3619 rell.
1367 3562 1392 3618 ἔν
1417 3584 1451 3620 τε.
1488 3566 1515 3620 si

396 3646 544 3700 Oenomaus
563 3650 660 3701 oraculi
677 3650 782 3702 initium
799 3667 852 3702 nou
871 3650 969 3714 omisit,
988 3647 1012 3700 ἔν
1030 3668 1058 3719 γε
1076 3651 1243 3708 scribendum
1260 3656 1310 3705 est·

462 3732 473 3764 ⁵
495 3732 633 3785 εὖπελευσιν
656 3739 766 3804 utroque
788 3736 845 3788 loco
868 3736 904 3800 A,
927 3732 1047 3787 ἐπελέεσιν
1068 3735 1138 3787 inira
1155 3735 1191 3799 B3
1218 3734 1373 3806 εὖμελέισσιν
1395 3737 1513 3793 Holeten.

394 3817 517 3871 lcomm.
536 3819 617 3882 coni,
641 3819 802 3888 improbatus
825 3836 841 3871 a
860 3820 979 3873 Bentleio
1003 3820 1035 3872 ad
1058 3820 1159 3873 Oalliua
1172 3818 1261 3889 hymn.
1274 3821 1301 3874 in
1314 3820 1371 3881 Cer..
1385 3822 1448 3886 136,
1470 3825 1515 3876 nbi

394 3899 568 3954 Callimachus
586 3902 713 3956 vocabulo
731 3902 836 3974 εὖπηλία
853 3905 942 3959 utitur.
974 3904 1009 3958 At
1025 3921 1109 3973 neque
1126 3906 1253 3975 reperitur
1269 3922 1383 3975 usquam
1401 3904 1513 3976 εὐτελής,

394 4000 491 4052 neque,
515 3985 537 4036 si
560 3992 630 4038 esset
651 3987 677 4038 id
701 3988 769 4055 quod
792 3988 888 4053 facilis,
912 3994 978 4059 apta
996 3994 1065 4041 esset
1086 3989 1257 4059 siguificati03
1279 3990 1312 4041 ad
1333 3991 1513 4045 membrorum

313 4129 315 4133 Α
393 4084 456 4121 vero
473 4069 592 4122 decorem
609 4074 760 4140 exemplum
778 4072 906 4126 Oenomai
922 4090 939 4125 a
961 4075 1137 4143 sculptoribus
1153 4075 1350 4144 pictoribusque
1373 4079 1513 4146 repetitum

394 4154 505 4208 deducit.
542 4154 625 4218 Quare
643 4155 770 4225 εὖμελέασι
788 4158 887 4221 scribo,
906 4159 993 4211 dativo
1011 4160 1123 4212 formato
1141 4160 1175 4213 ad
1191 4176 1311 4213 normam
1321 4161 1455 4215 Homerici
1467 4161 1513 4213 ἀει-

394 4238 468 4291 κέσσι.
504 4240 572 4305 Tum
589 4240 886 4311 ΑΗ811χρεωοθήσεται.
921 4243 1071 4296 Holsteuius
1095 4243 1123 4294 τδ
1142 4243 1215 4316 χρέος
1239 4245 1356 4310 coniicit;
1380 4263 1432 4316 ego
1454 4264 1513 4300 cum

395 4323 477 4379 Oaisf.
513 4323 649 4395 Ἀχαιοῖσιν
666 4325 793 4395 praefero.
829 4325 977 4391 Praeterea,
1002 4345 1082 4396 quum
1099 4327 1254 4382 adiectivum
1272 4334 1298 4381 et
1316 4331 1512 4385 substantivum

393 4408 439 4461 vix
461 4411 562 4478 possint
583 4411 711 4480 particula
733 4412 881 4481 copulativa
905 4413 1041 4481 coniungi,
1069 4418 1095 4466 et
1117 4412 1212 4467 Achaei
1235 4415 1292 4468 siue
1318 4415 1399 4469 dubio
1426 4417 1512 4471 decori
