3592 5400
579 471 730 526 cmurrr.
753 471 796 512 ns
811 447 1017 515 omentorum
1031 472 1229 515 coercemus.
1417 452 1457 516 65

336 623 450 700 prodit,
471 625 622 681 ineuntem
642 643 692 694 eo,
715 624 801 699 quod·
815 642 850 696 α,
872 643 896 696 ι,
919 642 936 680 ο
956 624 1072 683 vocales
1093 623 1187 682 rarius
1207 643 1261 700 pro
1282 624 1458 701 ancipitibus

336 735 493 804 habentur,
508 734 640 809 syllabae
655 735 756 791 breves
771 740 892 791 accentu
908 753 966 792 non
982 733 1189 809 producuntur.
1216 731 1362 793 Omnibus
1377 734 1459 794 hisce

336 862 523 902 numerorum
541 843 669 902 licentiis
688 843 765 901 alter
782 848 870 919 poeta
889 843 996 914 utitur,
1022 842 1265 919 Nicephorus,
1291 844 1459 920 patriarcha

337 952 696 1029 Constantinopolitanae,
713 953 763 1027 qui
778 972 813 1010 ex
827 953 1051 1030 Astrampsycbi
1066 952 1198 1010 centuria
1215 954 1274 1011 146
1289 971 1393 1012 versus
1408 954 1458 1011 de·

336 1063 461 1122 teriores
476 1063 587 1133 effecit,
603 1062 669 1121 aliis
684 1063 975 1138 interpretationibus
990 1063 1127 1132 adiectis,
1143 1063 1210 1121 aliis
1226 1062 1352 1122 omissis.
1382 1063 1457 1122 Fue·

336 1181 407 1231 runt
425 1172 585 1249 Nicephori
604 1173 787 1249 patriarchae
807 1192 834 1231 a.
856 1174 917 1231 806
940 1174 1082 1242 et1260;
1106 1178 1195 1249 poeta
1218 1173 1331 1230 videtur
1354 1175 1456 1233 horum

336 1283 483 1360 posterior
496 1301 572 1342 esse.
606 1283 670 1342 Hos
685 1283 716 1340 in
731 1281 852 1358 Rigaltii
868 1281 995 1341 editione
1009 1284 1158 1342 Achmct
1172 1283 1279 1360 excipit
1293 1283 1403 1353 Arabs,
1418 1284 1457 1342 Al

336 1393 486 1451 Mamunis
509 1391 622 1451 Galliae
640 1393 718 1451 circa
736 1412 763 1450 a.
782 1393 843 1451 820
863 1392 1024 1462 coniector,
1046 1392 1096 1468 qui
1114 1393 1151 1450 de
1171 1397 1349 1452 somniorum
1369 1393 1457 1451 inter·

336 1503 502 1580 pretatione
525 1522 573 1579 ap.
594 1503 697 1572 Indos,
720 1478 895 1580 Aegyptios,
917 1503 1026 1562 Persas
1050 1505 1111 1562 304
1137 1502 1234 1578 capita
1256 1501 1369 1562 Graeco
1396 1521 1456 1561 ser·

336 1633 423 1672 mone
438 1612 565 1689 scripsit.

525 1806 578 1866 De
599 1807 770 1865 lictorum
793 1809 1018 1866 oraculorum
1041 1807 1264 1884 corporibus

400 1944 448 2002 Ad
462 1943 572 2019 templa
585 1942 705 2000 fatidica
720 1954 749 2000 et
764 1944 878 2002 somnia
900 1943 1077 2002 accedebant
1096 1942 1289 2001 evocationes.
1321 1943 1456 2019 Namque

336 2072 427 2128 quum
441 2053 520 2112 omni
534 2061 664 2129 tempore
678 2061 790 2111 veteres
806 2061 984 2110 mortuomm
999 2052 1113 2110 animas
1128 2051 1242 2110 evocari
1255 2070 1343 2128 posse
1365 2053 1457 2111 credi·

336 2164 465 2234 dissent,
485 2170 590 2238 postea
607 2162 845 2241 praestigiatores
865 2163 912 2220 vel
931 2162 1012 2239 ipsos
1027 2162 1098 2221 deos
1111 2162 1245 2221 formulis
1260 2162 1457 2221 caerimoniis·

337 2292 393 2348 que
407 2272 523 2331 arcanis
538 2271 744 2343 detrahebant,
766 2292 857 2347 eaque
872 2273 1042 2350 superstitio
1056 2272 1187 2350 privata,
1208 2291 1265 2348 quo
1284 2273 1376 2350 magis
1392 2291 1456 2332 ora-

336 2384 468 2442 culorum
486 2383 667 2458 publicorum
686 2383 844 2441 auctoritas
867 2383 1003 2453 cadebat,
1025 2402 1059 2441 eo
1079 2383 1190 2440 maiora
1209 2383 1343 2459 capiebat
1363 2382 1456 2440 incre·

336 2500 445 2550 menta.
481 2491 560 2566 Quin
586 2493 674 2551 etiam
700 2493 840 2568 quidquid
864 2493 915 2550 isti
940 2491 1179 2569 praestigiatores
1205 2492 1276 2550 deos
1303 2492 1456 2567 loquentes

336 2603 480 2675 fecerant,
505 2601 536 2660 id
557 2610 608 2660 aut
629 2603 687 2678 ipsi
710 2603 889 2678 collegerunt
911 2609 962 2659 aut
982 2602 1034 2658 alii
1055 2601 1201 2671 homines,
1229 2607 1290 2658 tum
1315 2619 1457 2678 responsa

336 2713 518 2783 adiecerunt,
534 2732 609 2788 quae
622 2733 641 2770 a
655 2713 822 2772 numinibus
838 2731 870 2770 se
884 2731 989 2771 arcano
1001 2712 1171 2770 commercio
1183 2711 1286 2770 tulisse
1295 2711 1454 2769 iactabant.

336 2825 382 2882 Ita
401 2822 621 2882 subditiciorum
642 2823 820 2881 oraculorum
841 2841 963 2899 corpora
983 2822 1124 2898 quaedam
1145 2830 1245 2880 exorta
1264 2828 1347 2892 sunt,
1368 2840 1454 2897 quum
1482 2878 1491 2892 ,

335 2933 753 3003 aliornm,tum1ulianomm
774 2931 915 2991 Chaldaei
936 2941 966 2990 et
986 2932 1109 3011 theurgi.
1147 2930 1269 2992 Suidas:
1292 2923 1456 3005 Ἰουλιανός,

336 3026 507 3115 Χαλδαῖος,
536 3037 709 3125 φιλόσοφος,
737 3037 837 3125 πατὴρ
858 3046 915 3100 τοῦ
937 3034 1100 3111 κληθέντος
1125 3033 1267 3127 θεουμγοῢ
1290 3033 1456 3100 Ὶουλιανοῦ.

336 3141 448 3236 ἔγραψε
467 3147 533 3233 περὶ
553 3135 702 3234 δαιμόνων
718 3147 817 3229 βιβλία
834 3136 868 3209 h.
896 3154 973 3213 Tum
992 3159 1061 3231 post
1074 3154 1223 3211 lacunam:
1244 3144 1407 3233 ἀνθρώπιον
1422 3135 1456 3208 δέ

337 3306 372 3355 At
394 3303 492 3356 Suidae
514 3305 570 3357 cod.
582 3305 613 3359 A.
631 3322 652 3359 s.
666 3322 691 3359 u.
715 3307 827 3375 ποταμός
848 3307 876 3358 in
898 3322 984 3375 marg.
1007 3305 1073 3374 ῥύσις
1096 3308 1210 3374 ποταμοῦ
1234 3304 1359 3372 δυσμενῶν
1383 3302 1457 3368 δηλοῖ

335 3387 424 3459 χαράν.
460 3388 516 3443 Sor.
535 3389 606 3459 χύσις
625 3394 738 3458 ποταμοῦ
757 3390 779 3441 ὃ.
798 3390 850 3440 λύει
867 3386 947 3459 χάριν.
983 3390 1051 3441 Tum

625 3474 658 3526 24
676 3471 798 3525 θάλατταν
816 3471 886 3525 aldeb
905 3473 1036 3542 μειδιῶσαν
1054 3471 1158 3523 εὔθετον.

336 3556 442 3609 Εὕθετον
461 3558 541 3610 otiam
557 3560 585 3610 in
598 3558 693 3610 Suidae
706 3559 779 3612 codd.
794 3574 851 3609 esse
863 3558 930 3610 dixi:
949 3557 1116 3610 scribendum
1133 3562 1222 3608 tamen
1240 3571 1300 3608 cum
1308 3553 1454 3624 Nicephcro

336 3638 361 3693 εὔ
380 3640 438 3712 ἔχει.
473 3642 523 3694 Pro
547 3640 616 3694 εἰδεῖν
639 3648 665 3694 et
686 3642 737 3695 hoo
758 3660 783 3697 v.
806 3648 832 3694 et
854 3642 888 3693 42
910 3658 971 3693 cum
993 3641 1089 3692 Suidas
1111 3639 1185 3693 codd.
1209 3638 1266 3690 ἰδεῖν
1290 3639 1454 3692 scribendum

335 3727 450 3791 videtur,
468 3727 593 3795 producto
613 3746 620 3776 ι
637 3732 667 3778 ut
683 3743 707 3778 r.
720 3727 753 3779 52
771 3745 784 3776 ο
802 3727 830 3778 in
848 3726 928 3785 λύπας
946 3731 1094 3795 correptum
1110 3730 1158 3779 est.
1192 3724 1294 3776 Deinde

570 3811 605 3863 43
622 3810 709 3877 λευκὴν
728 3811 818 3861 στόλον
837 3810 970 3862 κάλλιστον
988 3808 1021 3861 εἰν
1039 3810 1109 3880 ‘imm
1128 3812 1218 3879 φορεῖν.

336 3897 383 3949 Hic
401 3914 425 3947 ν.
445 3912 504 3947 cum
521 3896 604 3947 tribus
624 3896 680 3946 aliis
698 3894 896 3964 Astrampsychi
913 3897 1039 3965 reperitur
1060 3896 1088 3947 in
1106 3895 1202 3947 Suidae
1226 3894 1364 3947 codicisA
1386 3910 1454 3946 mar·

336 3981 397 4048 gine
416 3985 476 4032 ante
495 3978 597 4047 στόλος,
616 3986 643 4031 et
660 3980 697 4031 sic
715 3980 832 4047 quidem:

603 4062 693 4130 στολὴν
711 4063 799 4129 λευκὴν
817 4060 949 4115 κάλλιστον
967 4062 991 4116 ἔν
1009 4064 1080 4134 ὕπνῳ
1099 4064 1184 4133 φέρειν.

335 4149 398 4201 inde
416 4165 466 4200 scr.
478 4165 520 4218 ap.
533 4148 602 4201 Astr.
614 4147 701 4213 λευκὴν
720 4147 811 4214 στολὴν
830 4187 856 4199 .,
876 4148 962 4218 φέρειν,
1399 4201 1402 4216 Ι

403 4234 538 4285 Postremo
556 4232 589 4285 22
611 4232 766 4302 (Nicephori
783 4232 832 4301 50)
855 4232 920 4298 ζώνη
944 4237 1048 4285 κοπεῖσα
1070 4232 1113 4299 τὴν
1136 4232 1194 4284 ὁδον
1217 4233 1269 4284 λύει
1290 4233 1362 4301 ταχύ.
1398 4231 1452 4283 Scr.

337 4315 412 4388 τάχος
431 4335 490 4370 cnm
508 4317 600 4371 codd
618 4317 713 4370 Suidae
731 4334 752 4371 s.
767 4314 840 4381 ζώνη.
874 4317 980 4370 Praetor
996 4318 1065 4370 hunc
1083 4336 1107 4372 v.
1119 4318 1154 4370 50
1171 4318 1251 4369 semel
1262 4321 1364 4368 tantum
1378 4314 1452 4367 Nice·

336 4402 433 4471 pharus
451 4404 479 4454 in
496 4404 583 4471 legam
600 4402 760 4471 penultimae
776 4407 879 4470 peccat:

616 4487 649 4538 97
668 4479 734 4536 olam
753 4486 851 4555 θεωρέῖν
868 4487 1071 4557 πυρπολούμενον
1090 4485 1175 4540 καλόν.

1233 4584 1250 4635 5
