3592 5400
402 522 465 588 224
808 544 1053 589 mulceremur
1068 483 1110 588 ιν.

401 697 518 757 Platoni
534 697 656 756 eandem
670 697 905 757 distributionem
920 697 1064 776 Origenes
1079 700 1145 758 adv.
1164 698 1285 759 Celsum
1302 703 1319 759 3
1336 721 1367 777 p.
1387 704 1446 761 133
1460 704 1528 760 sub

402 808 460 879 dit,
479 827 653 885 quamquam
673 828 726 884 pro
745 809 858 886 angelis
877 809 929 866 ille
948 809 1018 868 deos
1038 810 1084 868 vel
1104 810 1232 869 siderum
1246 811 1362 870 animas
1376 820 1526 889 posuerat.

402 919 475 978 Tria
488 938 596 996 genera
615 918 703 976 etiam
723 919 743 975 ii
763 920 972 990 distinxerunt,
993 921 1043 996 qui
1057 921 1136 979 Plat.
1152 921 1268 979 Timaei
1282 923 1374 981 verba
1390 923 1460 981 240
1477 942 1526 980 ex-

401 1029 551 1107 plicabant
566 1014 703 1111 μίξαντες
718 1024 774 1094 τῆν
790 1020 959 1112 Ὠριγένους
975 1024 1142 1108 (Platonici)
1158 1026 1211 1088 καί
1225 1023 1399 1114 Νουμηνίου
1419 1017 1524 1100 δόξαν·

401 1131 469 1222 παρ’
484 1128 526 1208 οἷς
540 1137 557 1195 ὁ
573 1123 688 1223 δαίμων
702 1144 820 1223 τριχῶς·
841 1134 892 1196 καὶ
907 1134 965 1223 γαρ
980 1131 1054 1198 εἷναί
1069 1156 1141 1222 ρασι
1150 1134 1188 1198 τὰ
1200 1133 1255 1223 μὲν
1267 1133 1355 1199 θείων
1372 1125 1524 1226 δαιμόνων

402 1243 503 1334 γένος,
523 1244 560 1307 τὰ
582 1234 616 1307 δὲ
635 1244 717 1307 κατα
737 1243 850 1331 σχέσιν,
872 1242 888 1307 δ
909 1247 1026 1334 μερικαὶ
1041 1249 1245 1333 συμπληροῦσι
1260 1239 1353 1332 ψυχαὶ
1369 1236 1523 1335 δαιμονίας

400 1363 545 1442 τυχοῦσαι
560 1345 688 1434 λήξεως,
708 1354 745 1418 τὰ
766 1344 800 1417 δὲ
814 1355 941 1443 πονηρὰν
961 1354 1037 1418 ἄλλο
1053 1357 1104 1419 καὶ
1118 1355 1301 1444 λυραντικὸν
1314 1365 1378 1419 τῶν
1394 1351 1521 1445 ψυχῶν..

404 1465 451 1528 ἐπὶ
462 1453 501 1526 δὲ
514 1464 628 1539 ταύτης
643 1465 707 1528 ἐστὶ
720 1474 776 1539 τῆς
791 1463 915 1539 οἰήσεως
929 1469 946 1527 ὁ
961 1465 1121 1553 ριλίσυρος
1135 1464 1316 1553 Πορρύριος,
1333 1465 1367 1528 ὃν
1381 1469 1434 1530 καὶ
1450 1466 1521 1531 θαυ-

403 1572 524 1664 μάσειεν
539 1573 575 1636 ἄν
589 1598 648 1655 τις,
665 1580 690 1637 εἰ
705 1573 793 1662 ἕτερα
808 1573 892 1664 λέγοι
906 1585 961 1650 τῆς
972 1573 1143 1663 Νουμηνίου
1157 1566 1361 1664 παραδόσεως
1388 1584 1437 1642 Ita
1451 1584 1521 1642 Pro·

402 1691 484 1748 culus
504 1690 543 1747 ad
561 1690 639 1749 Tim.
661 1691 701 1750 24
713 1710 743 1761 e,
765 1691 815 1766 qui
830 1691 998 1750 distinctius
1012 1693 1049 1750 ad
1069 1711 1099 1768 p.
1116 1692 1154 1751 47
1168 1711 1195 1750 a.
1225 1693 1382 1769 Porphyrii
1405 1695 1522 1771 exponit

402 1801 586 1860 sententiam.
607 1791 646 1858 ‘O
659 1793 712 1885 μὲν
723 1794 781 1885 γὰρ
793 1794 1126 1885 ριλόσοροςΠορρύριος
1137 1795 1217 1860 οὔτω
1228 1786 1443 1862 διατάττεται.
1452 1798 1521 1873 τοὺς

402 1904 456 1994 μὲν
478 1904 572 1993 ἱερέας
591 1907 750 1994 ἀναλογεῖν
768 1916 832 1980 τοῖς
851 1886 882 1969 dl
902 1909 1016 1994 οὐρανῷ
1037 1908 1077 1993 ἀρ
1084 1905 1286 1996 χαχγέλοις
1305 1907 1521 1997 τετραμμένοις

401 2015 473 2104 πρὸς
488 2013 585 2096 θεούς,
602 2009 643 2078 ὧν
658 2020 728 2078 εἰσιν
744 2013 886 2106 ἄγγελοι,
901 2016 973 2090 τοὺς
988 2005 1023 2080 δὲ
1038 2016 1187 2104 μαχίμους
1200 2027 1267 2090 ταῖς
1281 2021 1322 2091 εἰς
1335 2023 1377 2083 τοὶ
1392 2018 1521 2107 σώματα

401 2228 487 2318 ζῴων
501 2237 664 2325 χαίρουσιν,
681 2237 745 2299 οἵαν
759 2237 810 2299 καὶ
824 2235 880 2306 τὸν
896 2233 1039 2324 Ἄρτεμιν
1052 2235 1199 2317 τίθενται,
1217 2235 1358 2302 καὶᾶλλο
1374 2238 1429 2302 σὺν
1444 2242 1521 2323 αὐτῇ

400 2345 514 2421 πλῆθος
534 2336 683 2435 δαιμόνων
704 2344 897 2430 θηρατικῶν)
917 2345 988 2421 τοὺς
1008 2336 1033 2409 δ’
1044 2341 1082 2409 αὖ
1102 2345 1211 2435 νομέας
1228 2357 1293 2423 τοῖς
1312 2348 1360 2415 ἐπὶ
1378 2360 1447 2425 ταῖς
1459 2360 1520 2414 τῶν

401 2447 486 2540 ζῴων
502 2456 624 2546 ἀγέλαις
638 2455 848 2546 τεταγμένοις,
870 2461 919 2533 οὓς
940 2445 976 2519 δι’
991 2455 1167 2545 ἀπορρήτων
1184 2452 1282 2546 ψυχὰς·
1293 2454 1368 2522 εἶναι
1382 2459 1519 2550 λέγουσιν

400 2567 609 2657 ἀποτυχοθσας
624 2567 677 2657 μὲν
691 2577 747 2631 τοῦ
763 2564 949 2655 ανθρωποιοῢ
965 2576 1031 2646 νοῦ,
1046 2567 1117 2656 πρὸς
1132 2556 1167 2631 δὲ
1180 2568 1221 2630 τοὶ
1236 2559 1302 2649 ζῷα
1316 2568 1444 2657 ἐχούσας
1455 2560 1519 2634 διά-

400 2677 492 2744 θεσιν·
508 2681 572 2745 ἐπεὶ
586 2680 637 2744 καὶ
653 2678 815 2768 ἀνθρώπων
831 2675 943 2767 ἀγέλης
959 2683 1021 2741 ἔστι
1034 2700 1080 2753 τις
1091 2667 1232 2767 κηδεμὼν
1244 2679 1295 2742 καὶ
1307 2681 1424 2769 μερικοί
1433 2705 1517 2763 τινες,

400 2796 428 2855 οἱ
444 2790 497 2879 μὲν
513 2790 598 2871 ἔθνη,
614 2796 642 2854 οἱ
657 2780 692 2853 δὲ
702 2790 817 2869 πόλεις,
833 2794 860 2853 οἱ
873 2779 970 2852 δὲκαὶ
980 2790 1051 2864 τοὺς
1062 2785 1128 2852 καθ’
1140 2787 1268 2861 ἕκαστον
1282 2791 1517 2867 ἐτ’τισκυτοῦντες.

400 2907 482 2965 Haec
497 2908 655 2965 secundum
669 2907 747 2966 Plat.
760 2906 838 2964 Tim.
850 2925 879 2982 p.
893 2907 944 2976 41,
960 2907 1035 2983 legg.
1049 2907 1068 2964 4
1085 2924 1149 2982 cap.
1163 2906 1197 2975 6,
1211 2906 1379 2966 Phaedonis
1392 2926 1456 2985 cap.
1470 2910 1517 2968 57.

400 3017 542 3076 Proculus
562 3034 637 3091 quae
656 3016 688 3072 in
702 3016 865 3090 Porphyrio
884 3016 924 3074 od
937 3015 1015 3074 Tim.
1031 3035 1060 3092 p.
1078 3016 1146 3075 240
1163 3016 1323 3093 improbat,
1343 3019 1446 3078 eadem
1460 3020 1519 3077 fere

399 3126 510 3203 profert
522 3127 587 3202 ipse
601 3126 638 3184 ad
649 3125 831 3184 Alcibiadem
843 3126 970 3201 priorem
982 3133 1051 3186 tom.
1065 3127 1083 3186 2
1098 3145 1127 3202 p.
1140 3128 1201 3185 -185
1215 3128 1260 3194 cd.
1273 3125 1406 3201 consini,
1421 3150 1518 3207 quam·

400 3236 443 3297 ris
458 3244 544 3296 aucta
557 3245 588 3296 et
601 3236 750 3315 ampliato.

463 3348 522 3409 Sed
538 3350 597 3408 iam
611 3350 649 3407 ab
663 3348 790 3426 angelis,
806 3342 929 3426 qnorum
943 3366 1048 3406 nomen
1064 3348 1210 3425 persecuti
1225 3364 1336 3421 sumus,
1351 3351 1390 3409 ad
1405 3350 1517 3411 daemo-

399 3476 452 3520 nes
468 3461 576 3537 relapsi
592 3479 701 3520 sumus.
732 3460 872 3519 Recedite
887 3460 1046 3535 disputatio
1062 3467 1163 3517 nostra
1177 3479 1195 3517 a
1208 3460 1334 3518 Proculo
1349 3462 1388 3519 ad
1402 3463 1517 3522 Ploti-

398 3591 486 3630 num.
516 3570 559 3629 Ut
573 3571 662 3648 igitur
675 3572 760 3631 Plato
775 3572 806 3628 in
817 3571 976 3629 Phaedone
991 3570 1113 3641 dixerat,
1129 3588 1219 3646 supra
1232 3571 1338 3644 sidera,
1354 3572 1426 3631 deos
1441 3593 1516 3642 suos,

398 3682 527 3740 idearum
543 3701 609 3741 esse
624 3699 759 3759 regnum,
780 3688 872 3757 eoque
891 3699 981 3756 quum
1000 3681 1040 3738 dii
1056 3681 1143 3739 certis
1159 3681 1340 3739 saeculorum
1354 3682 1516 3743 intervallis

398 3794 599 3862 ascenderent,
615 3794 728 3851 animas
741 3792 901 3868 hominnm,
913 3800 1060 3867 tamqnam
1072 3792 1249 3862 comitatum,
1261 3793 1356 3867 sequi,
1372 3793 1416 3851 ita
1427 3794 1516 3853 Ploti-

399 3920 453 3960 nus
475 3922 542 3959 enn.
565 3905 593 3971 3,
610 3904 639 3973 5,
657 3904 674 3961 6
695 3911 754 3961 tres
775 3902 927 3960 numinum
946 3903 1063 3961 ordines
1081 3902 1248 3979 distinguit3
1271 3902 1399 3979 primum
1419 3904 1515 3981 quiin

392 4012 528 4070 idearum
548 4013 653 4071 mundo
672 4013 799 4084 habitet,
819 4013 982 4090 proximum
1001 4013 1093 4071 menti
1112 4012 1241 4083 divinae,
1263 4021 1439 4074 remotuma
1452 4033 1515 4073 con·

398 4130 499 4201 spectu
510 4122 672 4195 hominum3
692 4124 816 4181 alterum
832 4125 965 4194 deornm,
986 4123 1036 4199 qui
1052 4123 1180 4200 conspici
1194 4098 1326 4199 possint,
1342 4125 1363 4183 i.
1379 4145 1406 4183 e.
1422 4126 1515 4185 sidera

399 4228 445 4312 (cf.
464 4236 492 4305 4,
507 4237 535 4305 3,
551 4226 616 4312 17);
633 4233 749 4291 tertium
762 4234 943 4305 daemonnm,
959 4235 1051 4309 quiin
1067 4235 1215 4295 sublunari
1228 4235 1336 4293 mundo
1348 4235 1513 4294 habitantes

397 4344 546 4403 hominum
562 4346 648 4403 rebus
664 4343 803 4421 praesint.
834 4343 930 4402 Tertii
945 4345 1054 4403 ordinis
1070 4353 1130 4403 tres
1145 4344 1257 4421 species
1274 4346 1428 4404 constituit
1442 4349 1470 4417 3,
1485 4346 1511 4413 4,

399 4457 432 4513 3:
448 4456 517 4516 deos
533 4464 562 4515 ct
576 4433 699 4515 Amores
714 4463 743 4513 et
757 4474 830 4533 quos
844 4454 961 4531 proprie
976 4456 1131 4515 daemones
1145 4463 1238 4514 vocat.
1264 4457 1389 4515 Amores
1404 4471 1511 4533 quoqne

398 4586 432 4623 ex
446 4567 603 4625 Phaedone
618 4574 791 4644 sumpserat,
806 4567 876 4625 deos
890 4567 1104 4642 daemonesque
1119 4586 1155 4625 ex
1165 4566 1341 4643 epiuomide,
1356 4569 1399 4626 ita
1410 4576 1508 4631 temera
