3592 5400
392 500 451 564 198
799 515 1043 558 Anomnunuruu
1063 515 1096 555 rr.

390 675 542 733 elementis
558 671 691 748 componi
706 671 848 729 solebant.
873 671 986 744 Quare
1001 676 1066 726 tura
1082 687 1147 725 cum
1162 669 1254 726 sacris
1268 668 1392 745 magicis
1408 670 1511 729 coliae·

391 787 466 844 sisse
485 790 615 860 apparet.
647 783 798 856 „Mascula
818 777 900 837 10τοα
918 781 948 836 in
965 780 1096 838 Hecatae
1116 779 1207 837 sacris
1227 779 1349 855 magicis
1369 780 1512 839 adhiben-

391 905 439 953 tur
452 915 499 970 ap.
515 895 602 970 Verg.
622 889 690 954 Buc.
704 894 738 967 8,
752 892 800 949 65.
825 889 910 948 Ovid.
924 890 992 947 fast.
1006 891 1039 960 2,
1054 891 1112 947 571
1135 890 1171 948 de
1194 889 1265 946 deae
1281 890 1382 947 Mutae
1402 890 1510 948 sacris:

391 1022 549 1065 occeanus
571 1046 599 1064 ..
621 1020 704 1061 sacra
724 1001 796 1060 facit
810 1000 933 1060 Tacitae
955 1043 982 1057 ..
1005 1008 1035 1057 et
1053 1000 1154 1078 digitis
1175 999 1233 1058 tria
1252 1007 1318 1057 tura
1338 1000 1434 1060 tribus
1458 1002 1512 1059 sub

390 1117 493 1174 limina
508 1115 600 1190 ponit.

453 1226 496 1285 Ut
510 1232 575 1282 ruta
590 1231 619 1282 et
633 1231 713 1294 tura,
736 1223 778 1279 ita
793 1222 880 1280 ctiam
896 1221 1092 1280 stelliones
1106 1222 1144 1279 ad
1159 1222 1253 1280 visum
1267 1223 1431 1281 acuendum
1446 1243 1511 1298 prc-

296 1319 298 1325 ’
390 1339 476 1396 desse
489 1336 670 1395 videbantur.
696 1335 758 1410 Ipsi
773 1352 831 1390 non
846 1333 941 1390 solum
956 1333 1104 1391 oculorum
1118 1333 1181 1390 acie
1195 1351 1230 1390 ac
1244 1333 1403 1409 splendore
1418 1334 1512 1392 excel·

391 1448 467 1518 lunt,
485 1447 536 1504 sed
551 1446 640 1503 etiam
655 1446 692 1502 ad
708 1444 799 1502 solem
814 1451 843 1501 et
858 1442 984 1501 calorem
1000 1462 1035 1500 ex
1049 1443 1179 1501 tenebris
1192 1442 1344 1500 festinant.
1366 1443 1468 1517 Quare
1482 1445 1511 1501 in

392 1576 460 1616 vase
475 1557 552 1631 apud
566 1554 729 1613 Panoilram
745 1546 872 1630 (Namen
887 1553 939 1610 der
953 1546 1177 1632 Vasenbildner)
1193 1555 1225 1609 in
1240 1556 1303 1612 act.v
1313 1554 1396 1613 acad.
1412 1554 1509 1612 Bercl.

391 1666 630 1724 a.1848tab.3.
647 1667 682 1722 11
700 1665 809 1721 lacerta
824 1664 861 1721 ad
882 1665 1024 1721 sationem
1045 1664 1190 1739 procedit,
1211 1663 1305 1720 altera
1324 1665 1362 1720 ad
1384 1683 1510 1722 messem

391 1775 560 1853 regreditur.
584 1774 773 1831 Lacertarum
789 1772 902 1850 species
918 1766 1012 1856 σαύρα
1027 1767 1139 1839 illaad
1154 1780 1274 1832 vocatur
1289 1776 1327 1832 ab
1341 1774 1510 1849 Epiphanio

391 1887 454 1943 adv.
471 1886 583 1944 haeres.
601 1886 633 1954 2,
651 1886 689 1942 33
706 1905 734 1960 p.
748 1885 823 1954 402,
847 1887 895 1958 qui
916 1884 1088 1942 affinitatem
1109 1885 1255 1958 quandam
1274 1885 1351 1941 inter
1370 1884 1510 1943 lacertam

391 2004 421 2053 et
435 1996 526 2054 solem
540 1997 691 2070 lucemque
706 1995 884 2052 intercedere
899 1994 1008 2053 adiicit.
1036 1997 1104 2071 Ipse
1124 1996 1169 2053 eol
1190 1996 1228 2052 ab
1243 1994 1364 2051 animali
1380 1996 1509 2071 appella·

392 2107 489 2177 501οη
509 2107 618 2182 Porph.
639 2105 675 2161 de
697 2105 771 2162 abst.
794 2107 828 2174 4,
848 2106 900 2162 16:
929 2098 1169 2188 προσηγόρευσαν
1188 2099 1242 2162 τὸν
1263 2093 1372 2162 Ἥλιον
1394 2110 1508 2188 σαῦρον,

390 2211 512 2289 λέοντα,
529 2200 692 2298 δράκοντα,
708 2207 819 2295 ἱέρακα.
841 2214 930 2272 Haud
943 2216 1003 2272 veri
1019 2215 1114 2274 simile
1125 2216 1297 2275 vocabulum
1308 2233 1344 2272 ex
1354 2217 1509 2294 vulgariori

390 2329 500 2407 ταῦρον
516 2344 581 2384 esse
596 2331 776 2400 corruptum,
792 2324 965 2400 praesertim
981 2342 1069 2400 quum
1083 2327 1170 2403 paulo
1185 2333 1293 2402 postet
1305 2328 1334 2395 3,
1350 2328 1387 2384 17
1405 2329 1507 2396 tradat,

390 2436 523 2494 Hecaten
551 2442 664 2492 taurum
691 2452 756 2492 esse
781 2442 923 2492 vocatam.
953 2436 1083 2511 Apollini
1105 2436 1249 2512 Delphico
1273 2425 1420 2512 Oppselus
1442 2439 1507 2496 Plu·

391 2548 489 2604 tarcho
510 2553 586 2604 teste
607 2546 735 2621 palmam
754 2546 898 2604 dedicavit
923 2565 1042 2604 auream
1062 2547 1180 2605 lacertis
1205 2547 1342 2621 ranisque
1367 2556 1505 2607 ornatam.

299 2643 307 2666 ⁸
392 2655 489 2717 Solem
504 2657 589 2715 deum
601 2656 756 2732 Tyriorum
772 2656 868 2715 stellio
885 2663 914 2714 et
930 2657 1084 2715 comitatur
1098 2665 1128 2715 et
1143 2657 1296 2735 significat.
1320 2658 1379 2715 Est
1390 2658 1506 2719 Floren-

391 2769 448 2826 tiae
469 2786 601 2825 nummus
621 2786 686 2825 aen.
708 2774 827 2826 ornatus
847 2768 1036 2844 inscriptione
1051 2759 1214 2825 ΘΑΤΙΩΝ
1234 2775 1264 2825 01
1282 2768 1413 2845 imagine
1433 2771 1506 2829 Her·

391 2877 463 2936 culis
480 2877 617 2954 sagittam
639 2895 752 2935 summa
766 2879 794 2935 vi
813 2878 932 2948 iacturi,
953 2879 983 2935 in
1002 2898 1080 2956 genu
1099 2878 1250 2937 sinistrum
1272 2878 1400 2955 delapsi3
1423 2899 1506 2958 supra

391 2987 524 3045 dextrum
543 3005 619 3063 genu
638 2987 747 3043 lacerta
767 2994 821 3045 est.
852 2987 1022 3046 Delineavit
1035 2989 1195 3047 Eckhelius
1215 3007 1293 3046 num.
1316 2996 1385 3047 vett.
1407 2990 1504 3048 anecd.

391 3100 496 3174 partl
520 3090 664 3173 (Viennae
685 3097 785 3155 Austr.
805 3093 897 3177 1775)
919 3101 978 3159 tab.
1003 3101 1031 3158 5.
1051 3101 1098 3158 10.
1121 3098 1264 3158 Colebant
1283 3100 1390 3157 Thasii
1412 3099 1506 3159 Solem

391 3207 513 3283 Tyrium
530 3200 648 3284 (Herod.
667 3208 699 3277 2,
716 3208 766 3266 44.
782 3208 871 3266 Paus.
890 3210 923 3279 2,
941 3203 1028 3286 257),
1049 3210 1099 3285 qui
1114 3230 1133 3269 a
1147 3210 1269 3269 Graecis
1284 3209 1430 3270 Hercules
1445 3230 1506 3270 esse

390 3320 555 3394 putabatur.
583 3318 681 3395 Zodga
701 3318 736 3375 de
757 3338 835 3377 num.
852 3321 976 3396 Aegypt.
997 3340 1025 3395 p.
1043 3321 1099 3377 157
1124 3338 1272 3390 nummum
1292 3320 1442 3380 Rhodium
1461 3324 1506 3381 de-

390 3428 507 3503 scribit,
529 3428 559 3484 in
574 3446 630 3502 quo
647 3426 725 3487 Solis
742 3436 829 3505 caput
843 3430 988 3487 radiatum
1004 3430 1057 3499 sit,
1078 3430 1187 3487 lacerta
1201 3437 1298 3487 autem
1314 3432 1350 3488 de
1364 3433 1433 3509 iugo
1449 3434 1506 3491 sive

390 3539 512 3616 pinnula
532 3518 666 3614 pendeat.
694 3539 780 3614 Apud
800 3539 931 3598 Rhodios
950 3540 1002 3597 ille
1021 3541 1086 3615 ipse
1100 3540 1244 3599 Hercules
1264 3542 1375 3617 Tyrius
1396 3561 1506 3607 summa

390 3649 530 3727 religione
544 3649 678 3720 florebat3
699 3670 718 3707 a
732 3650 855 3708 Rhodiis
872 3649 960 3720 Gela,
983 3649 1157 3709 Camarinae
1172 3651 1357 3728 metropolis,
1376 3652 1506 3712 Heracli·

389 3761 435 3817 dis
455 3758 576 3817 ducibus
597 3760 784 3818 condebatur.
826 3759 924 3833 Quare
946 3779 1034 3836 quum
1055 3759 1228 3819 Camarinae
1248 3761 1375 3820 civitatis
1398 3764 1506 3822 nummi

389 3870 528 3926 lacertam
549 3869 710 3944 praebeant
729 3878 780 3928 aut
800 3889 889 3947 supra
908 3889 1029 3947 cycnum
1054 3871 1180 3947 positam
1201 3880 1251 3929 aut
1271 3880 1393 3930 noctuae
1414 3893 1505 3953 ungue

390 3978 592 4047 constrictam,
607 3980 657 4037 ubi
671 3988 776 4038 noctua
790 3981 952 4040 Minervam
967 3982 1126 4059 significat,
1145 3980 1319 4040 Camarinae
1333 3983 1419 4041 deam
1434 3992 1505 4042 tute·

389 4090 481 4147 larem
503 4080 599 4166 (Pind.
621 4086 670 4146 Ol.
693 4090 726 4159 5,
744 4091 797 4161 21,
818 4090 960 4149 Boeclrhii
979 4111 1006 4149 v.
1022 4084 1087 4170 10),
1109 4111 1216 4169 cycnus
1236 4093 1318 4151 lacus
1339 4093 1504 4172 Nympham

390 4202 453 4259 urbi
469 4200 683 4278 cognominem,
705 4200 844 4258 lacertam
858 4203 895 4259 ad
910 4203 1067 4260 Herculem
1086 4202 1189 4262 refero.
1218 4202 1368 4261 Minervae
1382 4204 1504 4263 Lindiae

390 4312 484 4370 cultus
505 4331 523 4368 a
538 4310 614 4371 Gela
632 4311 786 4387 metropoli
806 4318 838 4368 ut
852 4313 1056 4389 Agrigentum,
1077 4315 1120 4371 ita
1140 4314 1230 4371 etiam
1251 4312 1438 4374 Camerinam
1458 4318 1504 4374 de·

390 4419 466 4477 latus
482 4440 548 4480 esse
562 4429 640 4480 recte
654 4420 801 4481 Boeckhio
816 4422 853 4479 ad
868 4441 894 4480 v.
910 4417 947 4479 17
965 4423 1090 4495 videtur;
1113 4424 1176 4483 eius
1191 4432 1296 4483 noctua
1311 4444 1401 4501 quum
1415 4427 1503 4484 lecer-

391 4536 451 4587 tam
465 4533 658 4612 constringat,
675 4532 798 4611 Tyrium
812 4532 993 4593 Rhodiorum
1008 4535 1115 4593 cultum
1132 4534 1263 4596 Graecae
1278 4536 1429 4595 Minervae
1444 4555 1504 4597 ces·
