3592 5400
391 509 433 574 90
692 530 788 574 carna
803 530 843 574 νι,
866 531 1005 574 οιιιοοιι
1019 530 1200 575 εοιιινιοιιυιι

390 685 609 764 dringentesimi
620 705 646 743 a.
661 683 729 745 Chr.
746 705 774 744 n.
793 691 822 743 et
833 685 920 762 primi
937 686 1092 744 secundive
1109 687 1218 747 sacculi
1233 694 1302 764 post
1313 686 1384 748 cnr.
1405 690 1510 748 Tetra·

390 805 498 855 metros
524 785 684 855 trochaieos
714 797 900 854 catalecticos
926 795 1057 856 Clarium
1084 798 1231 855 oraculum
1257 799 1402 857 Hadriani
1433 807 1510 858 certe

390 914 485 966 aetate
506 909 681 984 usurpabat,
711 907 836 966 disticha
860 907 989 984 elegiaca
1009 908 1185 984 Delphicum
1207 911 1263 967 suh
1284 909 1509 985 imperatoribus

389 1018 609 1095 posterioribus.
633 1018 692 1093 Qui
708 1018 899 1094 aPorphyrio
915 1018 1078 1076 afferuntur
1089 1019 1205 1078 dimetri
1221 1020 1361 1079 trochaici
1377 1027 1407 1080 et
1422 1028 1509 1080 tetra-

389 1129 475 1188 metri
488 1129 668 1206 anapaestici
684 1129 763 1188 nullo
779 1129 910 1205 exemplo
925 1130 1141 1190 confirmantur.

845 1313 1050 1322 ——-·-——-

809 1483 993 1557 CAPUT
1017 1485 1083 1557 VI.

432 1657 545 1731 QUAE
565 1654 759 1716 ORACULA
777 1655 1084 1718 INGUBANTIBUS
1101 1659 1156 1717 ΕΤ
1176 1657 1467 1722 EVOOANTIBUS

523 1767 635 1826 DATA
649 1765 834 1827 VINOTAM
851 1759 1098 1827 ORATIONEM
1113 1768 1371 1833 PRAEBEANT.

452 2041 632 2119 Porphyrius
647 2060 736 2116 quum
751 2042 867 2099 oracula
881 2043 1023 2117 quaedam
1043 2041 1235 2101 insolentibus
1255 2014 1384 2101 numeris
1400 2046 1509 2122 scripta

389 2154 516 2230 proferat
541 2161 570 2210 et
594 2152 700 2210 multas
725 2151 949 2210 vaticinationes
970 2152 1101 2210 Hecatae
1121 2152 1246 2228 aliisque
1266 2153 1437 2213 numinibus
1457 2156 1507 2214 tri-

388 2265 472 2333 buat,
489 2281 563 2337 quae
578 2269 691 2319 tantum
706 2264 791 2320 abest
806 2270 837 2319 ut
851 2263 882 2319 in
895 2262 1041 2337 Apollinis
1057 2263 1173 2321 modurn
1188 2262 1395 2335 divinaverint‚
1411 2274 1444 2323 ut
1459 2274 1508 2324 aut

388 2373 452 2431 visa
472 2372 502 2429 in
525 2372 723 2452 somniisaut
743 2379 862 2430 evocata
881 2391 900 2429 a
920 2372 1191 2450 praestigiatoribus
1218 2392 1265 2432 res
1290 2374 1404 2435 futuras
1427 2384 1508 2453 pate·-

388 2483 484 2542 facere
499 2489 601 2560 putata
616 2483 689 2553 sint,
706 2483 743 2540 ad
758 2484 812 2540 hoc
827 2482 1016 2542 divinationis
1031 2502 1123 2561 genus
1134 2484 1290 2567 Porphyrii
1306 2485 1381 2545 libro
1397 2487 1508 2563 aliquo·

389 2593 445 2654 ties
461 2612 637 2654 revocamur.
660 2593 759 2654 Etiam
1288 2576 1290 2581 ¹

879 2707 1015 2765 somnia

388 2824 516 2876 veterum
536 2816 612 2874 haud
632 2834 725 2893 panca
744 2836 928 2875 numerorum
948 2816 1072 2875 vinculis
1093 2818 1331 2891 continebantur,
1358 2821 1441 2879 cuius
1467 2820 1506 2879 rei

388 2929 433 2986 vel
449 2928 626 2985 coniectores
644 2927 792 2984 habebant
810 2927 962 2986 rationem.
991 2928 1038 2985 Ita
1051 2928 1252 2986 Artemidorus
1271 2933 1295 2987 1.
1313 2927 1367 2988 56':
1389 2949 1508 3016 τραγῳ-

389 3022 451 3095 θεῒν
468 3021 500 3093 δὲ
515 3080 543 3093 ..
563 3019 762 3119 ἢτραγῳθῶν
783 3029 901 3094 ἀκούειν
920 3028 939 3104 ἢ
961 3034 1083 3121 ἰαμβεῖα
1102 3031 1200 3120 λέγειν
1220 3030 1238 3104 ἢ
1259 3044 1371 3112 ποιεῖν,
1396 3058 1507 3125 μεμνη-

389 3141 467 3230 μένῳ
481 3150 542 3205 τῶν
559 3140 716 3230 εἰρημένων
737 3141 818 3205 κατὰ
837 3142 892 3213 τὴν
911 3143 1051 3231 περιοχὴν
1071 3142 1111 3206 τοὶ
1131 3142 1367 3233 ἀποτελέσματα
1386 3148 1508 3210 ἅπαντα

387 3253 534 3343 γίγνεται,
556 3255 590 3315 οὐ
611 3250 788 3342 μεμνημένῳ
810 3243 843 3315 δὲ
861 3254 1062 3342 ταλαιπωρίαι
1082 3302 1110 3317 ..
1134 3261 1163 3318 4.
1181 3260 1235 3318 59:
1255 3263 1316 3317 τῶν
1338 3244 1371 3319 θὲ
1392 3260 1424 3320 ἐν
1445 3268 1508 3333 τοῖς

387 3362 485 3439 ὕπνοις
499 3362 672 3454 λεγομένων
686 3367 765 3426 ἐπῶν
779 3360 798 3434 ἢ
815 3361 930 3453 ἰάμβων
944 3361 963 3433 ἢ
979 3362 1215 3453 ἐπιγραμμάτων
1234 3361 1254 3435 ἢ
1275 3362 1377 3428 ἄλλων
1397 3367 1508 3458 ρ’ήσεων

386 3473 427 3537 τοὶ
442 3472 495 3564 μὲν
507 3474 586 3538 αὐτοὶ
600 3473 722 3563 παρέχει
736 3474 791 3545 τὴν
806 3474 967 3557 ἀπόβασιν,
983 3475 1040 3537 ὅσα
1054 3491 1090 3562 γε
1106 3478 1259 3545 αὐτοτελῆ
1270 3464 1404 3539 θιάνοιαν
1418 3477 1508 3566 παρέ-

386 3607 440 3673 χει.
477 3592 524 3649 Ita
548 3610 601 3668 per
626 3592 740 3650 somnia
761 3592 903 3666 quosdam
925 3592 1071 3649 audivisse
1093 3591 1135 3648 ait
1153 3591 1277 3650 Hesiodi
1299 3612 1367 3670 opp.
1390 3613 1418 3653 v.
1436 3596 1506 3666 352,

385 3700 473 3759 Hom.
488 3702 524 3762 ΙΙ.
541 3704 577 3761 18
594 3722 638 3761 νν.
652 3703 692 3760 20
704 3710 733 3759 et
746 3703 801 3773 21,
817 3702 969 3779 Euripidis
984 3720 1099 3760 versum

590 3807 685 3880 ὀπτὰς
699 3804 839 3870 κατέσθιε
855 3805 980 3895 σάρκας,
996 3803 1185 3896 ἐμπλήσθητί
1199 3829 1257 3896 μου
1267 3806 1288 3885 ¹,

451 3918 604 3997 Sophoclis
619 3941 735 3980 versum

590 4027 711 4089 ἅπαντα
724 4016 883 4097 τάθθιιητα
897 4037 1016 4116 πρῶτον
1030 4021 1097 4100 ἦλθ’
1113 4018 1194 4102 ἅπαξ
1201 4026 1221 4090 ².

387 4144 483 4217 Atque
497 4141 539 4198 ita
557 4142 721 4200 Pausaniae
737 4142 1033 4202 Lacedaemoniorum
1055 4146 1116 4223 regi
1130 4137 1254 4227 λέγεται
1275 4138 1422 4228 παρθένον
1441 4142 1509 4205 τινιὶ

455 4314 464 4346 ¹
484 4312 556 4383 sylei
567 4312 597 4366 fr.
614 4312 638 4367 2.
652 4312 680 4365 2:
700 4313 809 4382 πίμπρη,
828 4312 926 4364 κάταιθε
947 4312 1051 4383 σάρκας,
1069 4314 1223 4386 ἐμπλήσθητί
1241 4334 1298 4386 μου.
1326 4316 1508 4372 Artenndorus

386 4414 490 4451 versum
505 4415 539 4451 ex
550 4396 731 4451 Andromache
743 4399 836 4469 repetit
847 4404 873 4450 et
886 4393 958 4467 ὄπτα,
977 4396 1075 4451 κάταιθε
1087 4402 1198 4471 scripsit,
1216 4402 1358 4455 memoriae
1370 4403 1461 4475 lapsu,
1480 4410 1509 4456 nt

386 4482 495 4535 videtur.

455 4566 466 4603 ²
483 4567 503 4624 F
505 4585 524 4621 r.
537 4567 599 4623 739:
618 4566 714 4623 ἅπαντα
726 4564 861 4639 τᾶγέννητα
878 4570 977 4641 πρῶτον
996 4564 1051 4638 ἦλθ’
1070 4568 1142 4634 ἅπαξ.
