3592 5400
819 625 929 672 nouae.
1320 610 1361 673 35

391 817 482 883 vertit
504 816 564 882 XL
583 818 672 884 aunis
694 818 872 884 immoratus
894 816 953 906 est)
977 823 1008 883 et
1030 818 1099 884 dein
1118 818 1156 884 dc
1177 840 1232 885 sno
1255 840 1363 885 novam

391 954 612 1043 chronologiae
633 957 862 1023 constituendae
883 957 988 1022 iniisse
1011 958 1171 1037 rationem
1195 957 1242 1023 vol
1261 957 1363 1023 dicon·

392 1094 449 1159 dus
483 1101 529 1160 est
563 1095 650 1160 aliam
682 1095 842 1173 Graecam,
874 1095 946 1161 huic
976 1104 1095 1162 nostrae
1124 1118 1215 1184 prope
1236 1096 1390 1189 similem¹

392 1232 596 1322 biographiam
620 1240 672 1301 aut
695 1237 819 1301 vertisse
841 1242 893 1302 aut
915 1236 1087 1302 contulisse.

434 1485 507 1573 Peg.
531 1490 561 1550 4.
590 1484 659 1552 Lin.
687 1491 715 1551 l.
738 1493 767 1552 2.
798 1485 855 1551 διὰ
887 1488 961 1562 τούς
991 1489 1149 1573 Χαβρίαν
1182 1489 1236 1551 καὶ
1261 1492 1365 1570 Τιμό-

392 1629 472 1688 θεον
497 1625 669 1708 Ἀθήνησι
694 1632 995 1710 στρατηγήσαντας.
1020 1627 1071 1692 Ita
1093 1626 1158 1691 MS.
1182 1626 1365 1714 Transposui

391 1764 486 1839 τοδςς
508 1784 562 1850 pro
585 1763 757 1848 Ἀθήνησι
781 1766 998 1854 exspectaveris
1022 1765 1237 1849 Ἀθηναίων,
1262 1764 1364 1830 sedin

392 1901 484 1987 hujus
506 1902 687 1968 Graecitatis
714 1903 888 1969 auctoribus
910 1905 1001 1969 nimis
1024 1905 1104 1970 cauti
1127 1926 1274 1969 essenon
1297 1925 1366 1991 poa·

390 2062 503 2105 sumus.
536 2039 770 2107 Pseudo-Amm.
807 2045 874 2117 πῶς
911 2044 972 2126 γὰρ
1005 2040 1148 2122 ἠδυνατο
1178 2040 1262 2126 μέγα
1292 2046 1364 2106 τότε

392 2177 586 2261 δυναμένων
611 2180 765 2266 Χαβρίαν
785 2205 819 2244 τε
844 2183 899 2244 καί
918 2179 1086 2263 Τιμοθέου
1106 2184 1172 2246 τῶν
1192 2182 1365 2265 Ἀθήνησι

391 2320 583 2401 στρατηγῶν
604 2320 725 2402 καὶτῷ
745 2316 833 2396 γένει
854 2322 1084 2404 προσηκόντων
1106 2325 1151 2403 τῷ
1170 2317 1328 2384 Πλάτωνι
1339 2344 1363 2397 ,·.

435 2567 513 2634 Ibid.
537 2568 606 2632 Lin.
630 2574 658 2634 9.
681 2569 724 2643 ὥς
747 2567 928 2634 α’ναθεῒναι
950 2568 1038 2653 αὐτῷ
1057 2576 1134 2652 μεθ’
1155 2573 1282 2635 ἑαυτῶν
1302 2569 1364 2636 οἷν-

391 2707 542 2792 δριάντα.
568 2708 670 2795 Hujus
693 2714 823 2788 statuae,
845 2732 935 2795 quam
957 2709 1117 2798 Philippus
1140 2716 1170 2776 et
1193 2711 1366 2798 Olympias,

390 2851 421 2911 et
454 2845 594 2925 alterius,
631 2846 712 2930 (vide
743 2847 833 2931 infra)
869 2870 959 2933 quarn
983 2848 1183 2915 Athenienses
1206 2849 1365 2916 Aristoteli

391 2991 571 3073 posuerunt,
593 2984 679 3051 nulla
700 2987 813 3051 mentio
835 2987 871 3051 fit
893 2986 971 3074 apud
993 2986 1067 3052 alios
1090 2988 1257 3075 scriptores

435 3225 515 3291 Ibid.
545 3226 613 3290 Lin.
648 3228 698 3291 10.
731 3228 780 3291 11.
810 3227 849 3290 In
880 3225 946 3291 MS.
976 3228 995 3289 ό
1025 3224 1059 3290 δέ
1084 3224 1257 3311 φιλόσοφος
1280 3226 1364 3310 μέγα

391 3362 486 3447 μέρος
509 3363 555 3428 ὢν
580 3369 636 3444 τῆς
661 3360 865 3445 φιλοσοφίας.
890 3364 1015 3429 Correxi
1038 3362 1206 3451 βασιλείας
1230 3387 1285 3452 pro
1307 3391 1364 3448 φι-

392 3499 560 3584 λοσοφίας,
582 3501 692 3568 eollato
711 3501 1024 3581 Pseudo-Ammonio,
1043 3504 1094 3589 qui
1115 3502 1202 3567 ἔνθα
1214 3501 1363 3569 παιδεύει

392 3638 623 3724 Ἀλέξανδρον
656 3643 712 3705 τὸν
745 3644 891 3721 κτιστὴν,
925 3643 980 3705 καὶ
1012 3640 1096 3723 μέγα
1126 3639 1220 3726 μέρος
1249 3640 1363 3721 γέγονε

392 3786 452 3861 τῆς,
473 3784 590 3844 τοιίτου
613 3776 794 3865 βασιλείας·
819 3777 925 3843 πολλὰ
949 3781 1010 3865 γὰρ
1035 3778 1181 3862 ἐδυνήθη
1205 3782 1294 3875 παρὰ
1318 3786 1362 3866 τῷ

392 3916 534 4005 βασιλεῖ,
559 3920 614 3983 καί
637 3926 679 4004 τῇ
702 3918 837 4002 δυνάμει
862 3917 999 3994 δεόντως
1025 3920 1180 4005 ἐχρήσατο
1204 3911 1239 3985 εὖ
1258 3923 1363 3986 ποιῶν

393 4061 449 4122 καί
472 4062 597 4142 ἑκάστῳ
621 4057 689 4141 ἰδίᾳ
713 4060 768 4122 καί
793 4064 872 4123 πᾶσι
897 4066 1002 4144 κοινῇ.
1027 4058 1088 4127 Cir.
1110 4065 1141 4126 et
1164 4060 1248 4127 Vens.
1269 4060 1307 4127 V.
1326 4061 1362 4126 Ιι.

436 4300 515 4366 Ibid.
550 4301 618 4366 Irin.
654 4304 705 4367 lh
736 4300 772 4364 ai
801 4299 1021 4386 γεγραμμέναι
1053 4299 1141 4385 αὐτῷ
1174 4303 1258 4365 κατὰ
1289 4302 1363 4377 τούς

391 4440 546 4527 βασιλέας
570 4440 637 4506 MS.
659 4441 792 4507 Restitui
816 4441 906 4525 πρὸς.
