3592 5400
831 519 921 562 unns
936 519 955 561 1.
1206 596 1218 625 γ
1393 498 1451 562 111

397 674 532 733 Primum
550 672 732 750 Porphyrius
752 672 871 730 oracula
890 672 1004 743 attulit,
1030 690 1105 748 quae
1130 673 1169 730 ad
1190 673 1363 749 pietatem
1385 693 1455 751 erga

335 786 405 843 deos
421 784 616 861 pertinebant.
638 782 736 843 Unum
749 802 849 841 eorum
860 783 953 841 luisse
966 781 1117 859 Sarapidis
1130 782 1253 841 videtur.
1275 782 1453 842 Firminus

335 897 522 954 Maternus
546 894 583 951 de
604 913 702 952 errore
723 893 796 971 pros.
814 894 896 972 relig.
917 910 981 970 eap.
997 896 1034 952 13
1056 886 1124 972 (rec.
1141 891 1253 951 Oehler
1267 893 1351 970 Lips.
1375 876 1461 954 1841

336 1026 364 1082 p.
384 998 437 1084 82)
461 1006 496 1062 de
516 1003 669 1081 Sarapidis
690 1004 878 1063 Alexandrini
905 1004 1084 1062 divinatione
1108 1004 1252 1080 disputat,
1279 1010 1340 1061 tum
1364 1005 1454 1062 allato

336 1115 494 1193 Porphyrii
509 1115 545 1172 de
560 1116 636 1174 abst.
653 1114 682 1174 2.
700 1115 739 1173 42
756 1114 865 1192 pergit:
883 1113 936 1189 „ln
950 1114 1034 1172 libris
1050 1114 1143 1186 enim,
1158 1132 1231 1189 quos
1246 1114 1376 1192 appellat
1389 1110 1456 1198 περὶ

336 1230 392 1295 τῆς
406 1224 441 1306 ἐκ
455 1219 583 1309 λογίωνι
597 1219 784 1307 φιλοσοφίας,
801 1264 826 1282 ..
842 1225 872 1281 in
887 1224 991 1301 primis
1007 1267 1032 1284 ..
1049 1225 1187 1284 librorum
1202 1225 1349 1301 partibus,
1365 1225 1395 1283 id
1410 1232 1456 1283 est

337 1336 367 1393 in
382 1335 458 1413 ipsis
481 1334 621 1412 auspiciis
641 1327 839 1412 imposturae'
858 1335 945 1393 dixit:
968 1333 1115 1414 Serapis
1135 1342 1282 1395 vocatus
1303 1341 1337 1394 et
1357 1335 1456 1393 intra

338 1464 468 1522 eorpus
494 1445 651 1504 hominis
677 1439 863 1504 conlatus³
888 1445 980 1504 talia
1005 1442 1227 1522 respondit.“
1268 1446 1454 1522 Responsum

338 1557 434 1634 ipsum
453 1555 600 1615 Fir-micus
620 1556 737 1615 omittit.
765 1555 877 1627 Homo,
892 1557 929 1614 in
948 1575 1034 1630 quem
1055 1556 1294 1635 praestigiatores
1315 1574 1347 1614 se
1367 1557 1455 1614 iaeta-

337 1668 410 1726 bant
432 1686 540 1724 numen
561 1666 681 1742 aliquod
701 1666 856 1744 devocare,
876 1660 1078 1743 καταβολαός
1097 1668 1261 1726 vocabatur.
1284 1661 1367 1746 (Lob.
1389 1668 1454 1745 Agl.

337 1798 365 1857 p.
379 1779 438 1837 107
449 1770 534 1854 extr.)
548 1776 641 1836 Plura
652 1777 688 1834 de
699 1778 755 1836 hoo
765 1776 953 1836 divinationis
965 1797 1071 1856 genere
1081 1777 1147 1854 ipse
1153 1776 1336 1855 Porphyrius
1347 1776 1398 1836 lib.
1412 1778 1441 1838 θ.

405 1906 501 1960 Eusob.
510 1920 599 1974 praep.
610 1920 651 1960 ev.
661 1905 686 1960 4.
700 1904 724 1960 8.
737 1905 755 1957 4
766 1923 792 1975 p.
803 1904 836 1958 86
847 1904 939 1975 steph.
952 1922 978 1974 p.
987 1905 1035 1957 144
1044 1922 1070 1957 o:
1084 1903 1115 1956 ‘0
1124 1902 1155 1970 δ)
1165 1899 1207 1955 οὖν
1217 1904 1384 1974 προδηλωθείς
1397 1904 1456 1978 ἀνὴρ

337 1997 360 2052 ἐν
373 1999 460 2059 αὐτοῖς
472 1991 507 2059 οίς
519 1996 642 2069 ἐπέγραψε
654 1998 708 2070 περ)
720 2001 762 2064 ιῆς
774 1996 801 2050 ia
812 1997 906 2067 λογίων
919 1997 1064 2068 φιλοσοφίας
1076 1996 1205 2069 γρησμοῦς
1217 1997 1296 2063 τίθησι
1307 2003 1351 2050 τοῦ
1363 1995 1457 2050 Ἀπόλ-

337 2093 430 2162 λωνος,
448 2092 492 2153 τὰς
504 2091 544 2144 διὰ
556 2093 628 2163 ζῴων
641 2090 724 2152 θυσίας
742 2089 886 2161 ἐργάζεσθαι
897 2090 1138 2162 παρακελευομένου,
1154 2089 1195 2143 καλ
1212 2090 1245 2160 μὴ
1258 2092 1341 2162 μόνοις
1358 2090 1457 2160 δαίμοσι

339 2185 401 2256 μηδὲ
413 2186 499 2256 μόναις
511 2188 565 2245 ταῖς
577 2184 703 2256 περιγείοις
722 2182 864 2255 δυνόρεσιν,
881 2182 946 2236 ἀλλὰ
962 2184 1067 2246 καὶτοῖς
1080 2181 1190 2256 αἰθερίοις
1207 2184 1248 2236 καλ
1260 2183 1379 2256 οὐρανίοις
1391 2187 1457 2257 ζῳο-

338 2279 417 2331 θυτεῖν
432 2321 457 2335 ..
471 2275 543 2331 ἄκουε
555 2282 685 2350 τοιγαροῦν
698 2282 748 2330 τῶν
760 2279 866 2351 πρώτων
879 2278 956 2331 αὐτοῦ
969 2282 1066 2348 φωνῶν,
1080 2279 1110 2331 δι’
1122 2271 1157 2334 ὧν
1169 2277 1200 2330 τὰ
1211 2277 1265 2351 περ)
1277 2281 1319 2346 τῆς
1327 2275 1354 2331 ἐκ
1363 2278 1456 2350 λογίων

338 2370 485 2443 φιλοσοφίας
502 2369 623 2442 συνάγων,
640 2374 693 2433 πῶς
710 2368 724 2423 ὁ
742 2369 875 2425 Ἀπόλλων
892 2377 982 2444 γρῆναι
998 2372 1134 2444 θεραπεύειν
1150 2372 1206 2434 τοῦς
1225 2372 1293 2433 θεοὺς
1310 2371 1424 2427 διδάσκει.
1441 2372 1459 2427 δ

338 2466 378 2518 καί
392 2464 550 2538 παρατίθεται
562 2463 663 2536 γρίφων
676 2457 739 2517 ὧδε·

403 2587 489 2672 (Gap.
503 2595 520 2653 9
537 2613 566 2670 p.
580 2595 618 2653 87
636 2591 679 2654 St.
692 2613 721 2670 p.
737 2593 795 2652 145
808 2584 888 2672 Vig.)
903 2585 1090 2664 Ἀκολοόθως
1104 2589 1184 2679 μετὰ
1197 2588 1237 2653 τοὶ
1252 2585 1377 2680 ρἠθέντα
1391 2589 1458 2680 περὶ

338 2698 503 2784 εὐσεβείας,
529 2702 550 2761 ἃ
567 2697 633 2788 περὶ
651 2708 707 2773 τῆς
727 2694 883 2788 θεραπείας
903 2702 1003 2763 αὐτῶν
1022 2705 1149 2790 ἔγρησαν
1168 2698 1392 2791 ἀναφράφοιριεν
1411 2698 1456 2782 ἄν,

338 2803 379 2873 ὧν
400 2812 436 2873 ἐκ
456 2809 560 2899 ρέρους
579 2812 635 2872 κάν
653 2820 717 2884 τοῖς
738 2811 804 2899 περὶ
827 2810 976 2894 εὐσεβείας
999 2810 1166 2899 φθάσαντες
1188 2808 1456 2903 παρατεθείκαγαεν.

337 2915 429 2983 Ἔστι
452 2910 486 2983 δὲ
508 2923 524 2982 ὁ
545 2920 677 3009 γρησρὸς
696 2928 752 2985 τοῦ
773 2917 972 3001 Ἀπόλλωνος,
994 2922 1076 3012 ἅγιοι4
1095 2924 1146 2986 καὶ
1166 2911 1304 3013 διαίρεσιν
1322 2932 1377 2999 τῆς
1395 2933 1457 2988 τῶν

339 3028 415 3093 θεῶν
429 3028 574 3119 περιέχων
587 3022 717 3107 τάξεως·

337 3284 437 3339 Multas
455 3284 583 3338 eiusmodi
598 3282 792 3339 exhortationes
805 3303 839 3339 ex
850 3286 982 3348 veteribus
994 3285 1200 3356 Christianisque
1217 3286 1378 3359 philosophis
1393 3287 1456 3344 Lob.

337 3371 398 3439 Agl.
410 3387 436 3439 p.
448 3370 500 3422 740
510 3386 549 3439 sq.
563 3371 704 3439 congessit.
727 3370 829 3424 Silentii
840 3371 989 3440 postulandi
1000 3388 1094 3425 causas
1105 3371 1264 3441 Porphyrius
1277 3391 1317 3443 ep.
1331 3374 1363 3426 ad
1375 3376 1456 3428 Mare.

337 3471 395 3524 cap.
409 3454 440 3507 15
452 3455 572 3525 exponit:
596 3453 706 3524 σιγίισθω
720 3452 732 3506 ό
746 3455 800 3525 περὶ
817 3454 892 3507 αὐτοῦ
906 3454 981 3524 (θεοῦ)
998 3454 1075 3526 λόγος
1093 3454 1132 3507 ἐπὶ
1148 3455 1269 3522 πλήθους·
1292 3456 1456 3526 ἀνοικειοτόιτη

337 3539 386 3610 γὰρ
398 3538 513 3609 θεολογία
522 3538 647 3609 κενοδοξίφ
656 3539 749 3610 ψυχῆς,
759 3545 786 3592 et
794 3556 851 3610 cap.
864 3540 889 3592 1:
906 3539 946 3591 καλ
956 3533 985 3591 οὗ
994 3543 1048 3601 ταῖς
1057 3539 1138 3602 δόξαις
1148 3541 1193 3592 οὐκ
1203 3542 1231 3592 ἂν
1240 3544 1361 3613 χρήσαιο,
1374 3543 1456 3614 τούτῳ

338 3624 467 3695 μήτεβίου
481 3624 541 3694 μήτε
553 3623 632 3693 λόγου
645 3628 688 3675 τοῦ
701 3624 755 3695 περ)
768 3622 821 3675 θεδν
834 3624 950 3675 κοινώνει.
968 3624 1046 3696 λόγον
1064 3624 1111 3695 γὰρ
1128 3626 1183 3677 θεοῦ
1200 3629 1252 3686 τοῖς
1264 3626 1311 3679 ὑπὸ
1325 3628 1397 3694 δόξης
1409 3630 1456 3680 διε-

338 3710 486 3779 φθαρμένοις
498 3707 577 3778 λέγειν
590 3708 635 3760 οὖα
647 3706 767 3778 ἀσφαλές·
787 3706 886 3780 καὶγὰρ
904 3708 950 3780 καλι
961 3705 1054 3777 τάληθῆ
1071 3710 1150 3781 λέγειν
1168 3708 1207 3763 ἐπὶ
1223 3712 1318 3763 τούτων
1334 3713 1388 3785 περὶ
1400 3714 1456 3765 θεοῦ

337 3794 380 3845 καλ
392 3790 423 3845 tit
435 3794 510 3863 ψευδῆ
528 3794 637 3845 κίνδυνον
647 3792 702 3845 ’ίσον
715 3794 786 3864 φέρει.

395 3880 419 3913 ¹⁶
436 3879 551 3931 Pertinet
567 3879 599 3931 ad
616 3884 701 3931 ταῦτα.
720 3910 754 3919 -
766 3878 833 3933 GFG
850 3879 953 3935 τούτων.
977 3879 1074 3933 Notum
1086 3882 1261 3936 Heracliteum
1278 3884 1354 3937 illud:
1371 3880 1385 3936 ό
1404 3884 1456 3946 θεδς

338 3962 401 4016 οῦτε1
407 3963 486 4034 λέγει,
500 3962 556 4016 οὔτε
567 3964 680 4035 κρίπτει,
693 3961 758 4015 ἀλλὰ
770 3963 880 4035 σημαίνει
892 3964 970 4034 (Plut.
984 3966 1015 4018 de
1026 3965 1120 4034 Pythia
1131 3966 1185 4037 21).

409 4050 417 4082 ¹
438 4049 482 4101 Sic
494 4049 550 4104 eod.
562 4048 616 4101 Pal.
630 4049 711 4118 Ναί.)
726 4049 786 4113 165,
804 4050 875 4102 solus
892 4051 938 4119 qni
955 4055 1034 4106 extet.
1048 4050 1256 4107 Communleavit
1271 4072 1375 4109 meeum
1391 4053 1457 4109 Bor·

338 4134 444 4197 alanus,
456 4134 592 4186 familiaris
604 4150 688 4189 meus.
706 4134 792 4203 Vulgo
806 4133 933 4204 εθλογίων.

408 4219 419 4251 ²
439 4218 482 4272 Sio
501 4220 593 4288 scripsi
608 4236 655 4288 pro
671 4220 808 4289 positus.
837 4218 931 4273 Oehler
947 4222 1014 4275 coni.
1030 4224 1136 4292 positis,
1152 4223 1248 4277 Wover
1265 4224 1339 4276 ld-
1355 4226 1456 4294 positus

337 4303 410 4357 eiioit
421 4309 452 4356 ut
463 4303 591 4357 scholium
603 4305 769 4374 adscriptum.

408 4388 419 4421 ³
438 4388 482 4441 Sie
494 4388 549 4443 eod.
562 4389 616 4442 Pal.
628 4406 675 4459 pro
688 4391 835 4444 collocatos.

407 4472 419 4506 ⁴
437 4473 551 4526 lneisum
563 4475 674 4544 Vigenna
686 4466 746 4543 post
758 4472 809 4546 ἅμα
820 4476 920 4545 posuit,
934 4477 1097 4531 Gaislordius
1110 4479 1205 4531 omisit.
1232 4478 1371 4532 Oraoulum
1383 4497 1456 4550 prae-

338 4565 378 4609 ter
390 4558 518 4611 sacrificia
529 4559 608 4612 simul
620 4560 727 4611 deorum
739 4559 947 4614 distributionem
960 4563 1082 4615 continet.
