3592 5400
833 649 942 695 noras.
1334 636 1372 697 tl

447 840 521 929 Pag.
545 846 596 907 86.
630 842 680 907 Ad
703 841 769 907 illa:
794 842 978 909 Aristoteles
999 850 1099 909 autem
1122 845 1258 911 nutritus
1280 850 1326 910 ert
1347 844 1383 910 ia

404 980 606 1060 Macedonia,
626 980 699 1047 haee
717 981 838 1048 scribit:
862 982 972 1049 “loeus
990 983 1077 1071 plane
1098 990 1271 1072 corruptus,
1294 984 1380 1070 quasi

402 1119 453 1185 hio
487 1121 633 1208 interpres
656 1122 780 1209 legisset
803 1122 970 1208 τρέφεται,
994 1146 1061 1190 eum
1085 1124 1117 1188 in
1141 1124 1244 1189 codiee
1266 1123 1381 1189 Graeco

407 1262 532 1343 (Amm.)
569 1259 686 1348 legatur
719 1267 819 1348 aperte
849 1261 989 1347 ἔρχεται.
1024 1260 1241 1350 Roponendnm
1271 1261 1379 1349 igitur,

403 1400 564 1483 ναίεσκε
586 1408 632 1465 est
654 1398 689 1465 in
711 1399 934 1467 Macedoniam.
942 1450 959 1479 ‚‚
981 1401 1073 1489 Apud
1091 1406 1228 1467 nostrum
1249 1398 1380 1465 στέλλε-

408 1561 465 1599 ται
501 1540 547 1613 εἷς
581 1537 802 1604 Μακεδονίαν
837 1539 918 1626 quod
952 1562 1014 1605 non
1047 1539 1231 1606 intellexisse
1263 1539 1383 1606 videtur

400 1676 555 1764 interpres.

449 1952 521 2043 Pag.
546 1959 597 2020 88.
627 1955 677 2021 Ad
700 1956 765 2021 illa:
800 1958 888 2026 Quod
907 1957 967 2021 sibi
988 1964 1219 2022 construxerunt
1240 1956 1292 2022 vel
1313 1978 1379 2022 eon·

403 2097 572 2161 stituerunt
602 2119 668 2161 eum
700 2097 745 2161 eis
774 2104 918 2161 statuam.
946 2096 1077 2162 Buhlius
1099 2103 1198 2162 tamen
1220 2095 1309 2161 habet
1333 2095 1381 2182 (ut

404 2257 460 2299 nos
494 2236 583 2302 etiam
618 2234 781 2323 edidimus)
817 2236 872 2300 illi
903 2242 1133 2303 oomtraeerunt
1163 2240 1193 2301 et
1220 2258 1286 2301 eam
1314 2234 1381 2300 auis
1508 2290 1512 2299 .

401 2380 550 2450 statuam,
582 2373 650 2439 dein
673 2374 779 2439 Nunn.
803 2373 892 2439 habet
915 2373 1001 2440 haee:
1026 2375 1128 2460 “quod
1152 2380 1250 2440 autem
1274 2372 1379 2439 scribit
1403 2382 1405 2387 '

402 2522 646 2590 constructarum,
672 2515 722 2580 ael
745 2515 981 2592 constituerunt,
1005 2514 1084 2579 idem
1105 2513 1191 2578 rideo
1209 2512 1378 2579 factitatum

403 2675 488 2741 saepe
510 2655 543 2719 in
568 2654 657 2719 veteri
681 2652 859 2730 tralatione,
880 2675 969 2740 qnam
993 2652 1087 2719 habeo
1110 2652 1154 2717 M.
1178 2653 1208 2718 S.
1228 2675 1378 2719 commen·

401 2793 545 2859 lariorum
569 2794 749 2859 Graecorum
773 2794 806 2858 in
828 2793 957 2859 Aristot.
981 2791 1193 2858 Nicomachia:
1216 2792 1296 2879 quod
1316 2815 1377 2858 mo·

402 2931 514 2999 destiae
543 2932 715 3021 interpretis
745 2906 951 3010 tribuendum,
984 2937 1019 2997 nt
1050 2931 1202 3019 integrum
1230 2933 1288 3010 sit,
1309 2937 1379 2998 utro

401 3072 472 3139 velit
494 3073 564 3159 quis
587 3072 676 3141 verbo
699 3073 847 3139 Graecum
871 3072 1024 3152 reddere„

443 3351 515 3439 Peg.
540 3356 591 3416 89.
613 3350 663 3415 Ad
686 3349 787 3416 verba:
807 3350 951 3435 potentia
976 3350 1115 3414 &center
1131 3369 1206 3414 usus
1224 3353 1270 3413 est
1289 3349 1376 3415 bene·

393 3491 529 3573 faciens.
560 3488 667 3554 “Illud
698 3491 837 3555 decemo
865 3489 1032 3576 interposui
1063 3511 1100 3552 ex
1130 3488 1244 3552 Graeco
1275 3510 1376 3553 exem·

399 3627 487 3714 plari,
516 3628 549 3693 in
579 3650 639 3714 quo
669 3627 732 3693 erat
762 3627 914 3707 δεόντως,
948 3649 1016 3693 oum
1044 3627 1077 3692 in
1100 3626 1201 3693 Latin.
1227 3626 1377 3695 Translat.

398 3768 485 3855 plane
514 3767 637 3833 abesset.
661 3767 690 3833 J.
715 3767 770 3833 rh.
794 3767 894 3833 Buhle
917 3790 970 3854 pro
997 3769 1136 3833 decenter
1157 3765 1246 3832 habet
1269 3789 1376 3853 oppor-

398 3916 488 3974 tune:
519 3909 571 3974 sed
602 3931 639 3974 ex
662 3909 883 3995 comparatione
905 3907 1053 3973 Translat.
1078 3908 1147 3973 Vet.
1170 3929 1238 3973 enm
1262 3907 1376 3972 Graeca

397 4054 501 4115 nostra
530 4054 612 4137 patet
634 4050 699 4135 jam
727 4050 760 4113 in
792 4048 860 4114 Vet.
891 4048 1009 4113 Transl.
1040 4047 1114 4113 olim
1144 4070 1200 4113 nee
1223 4049 1374 4125 desetor,

396 4210 453 4253 neo
483 4196 649 4274 opportune
678 4189 771 4253 fuisse
800 4188 956 4274 seriptum.
990 4187 1074 4252 Idem
1099 4186 1317 4253 observandum
1340 4187 1373 4251 in

396 4329 531 4416 proxime
561 4327 754 4415 sequentibus
786 4329 865 4415 (pag.
896 4329 953 4414 89)
984 4327 1021 4392 ad
1051 4325 1118 4392 illa:
1144 4328 1256 4391 manae
1280 4327 1317 4391 ab
1340 4349 1373 4390 eo

396 4470 546 4556 epistolae
574 4468 840 4534 commendaticiae
863 4470 906 4533 ad
926 4490 1034 4551 repam,
1060 4464 1111 4530 ubi
1134 4465 1312 4532 Nunnesins
1335 4488 1372 4531 ex
