3592 5400
390 506 432 571 36
606 526 703 570 carur
715 528 749 570 11.
771 526 814 569 nn
828 524 985 569 msaoaorr
999 525 1110 569 roasa.
1125 526 1280 571 amosa.

390 681 511 741 dissime
529 680 697 757 putabimus
715 681 819 739 ultimo
838 689 983 757 tempore,
1008 700 1064 757 quo
1085 680 1197 739 Itomae
1216 679 1321 749 fuerit,
1345 679 1515 739 elaboratos

391 809 470 862 esse,
486 791 577 850 libros
592 792 627 850 de
642 791 802 851 Aristotele
816 791 846 848 in
863 789 966 851 Sicilia
980 799 1010 849 et
1026 798 1138 850 mortno
1153 790 1272 850 Plotina
1287 789 1410 849 Romae.
1435 787 1515 850 Scri·

389 903 450 979 psit
464 909 558 972 certe,
572 921 660 978 quum
675 901 733 959 iam
749 902 879 974 doceret;
895 922 964 961 nam
979 901 1132 979 discipulis
1147 901 1305 970 dedicavit,
1325 899 1406 959 velut
1420 900 1514 959 libros

389 1031 442 1071 sex
455 997 624 1095 ἐξηγήσεως
637 1015 699 1069 τῶν
713 1016 902 1095 κατηγοριῶν
915 1006 987 1094 πρὸς
1000 996 1155 1084 Γεδάλιον,
1177 1019 1290 1089 septem
1305 1005 1377 1094 πρός
1393 1002 1514 1094 Νημέρ-

388 1140 452 1180 τιον
463 1139 494 1180 π.
504 1124 560 1179 τοῦ
572 1116 643 1205 μίαν
653 1112 728 1181 εἶναι
738 1115 794 1188 τάν
805 1114 971 1192 Πλάτωνος
982 1117 1034 1180 καὶ
1044 1113 1268 1204 Ἀριστοτέλους
1282 1117 1401 1204 αἵρεσιν.
1421 1122 1513 1180 Prae-

389 1240 471 1291 terea
485 1231 579 1289 cidem
600 1232 644 1289 illi
657 1230 851 1309 Chrysaorio,
872 1252 947 1309 quae
961 1242 991 1291 π.“
1006 1235 1062 1290 τοῦ
1077 1223 1121 1314 ἐφ’
1140 1230 1211 1315 ἡμῖν
1230 1232 1447 1309 disputaverat,
1468 1232 1512 1289 in·

389 1343 517 1419 scripsit.
1472 1326 1477 1335 ’

454 1450 559 1513 Senior
581 1452 683 1522 etiam,
706 1472 794 1530 quum
818 1453 876 1510 iam
898 1453 1007 1511 scholis
1029 1453 1190 1511 Platonicis
1212 1453 1324 1513 Romae
1348 1461 1511 1530 praeesset,

391 1562 587 1640 epistulam
605 1563 648 1621 ad
663 1564 872 1621 Marcellam
887 1563 983 1634 dedit,
1003 1564 1039 1623 de
1059 1582 1118 1639 qua
1136 1563 1167 1621 in
1187 1563 1248 1621 vita
1261 1563 1420 1641 Porphyrii
1440 1564 1510 1623 dixi.

391 1673 571 1733 Germanum
585 1671 625 1730 ibi
641 1672 842 1731 Plotinianum
857 1693 889 1733 se
904 1675 1034 1750 praebet.
1057 1665 1144 1731 Οὔτε
1159 1715 1184 1729 ..
1200 1671 1340 1746 ἱκετεῖαι,
1362 1674 1406 1733 ait
1421 1692 1446 1734 c.
1463 1675 1511 1744 19,

392 1775 459 1840 θεὸν
474 1775 694 1865 ἐπιστρέφουσι,
714 1776 785 1841 οὔτε
799 1775 950 1848 θυηπὸλια
970 1775 1038 1841 θεάν
1057 1786 1197 1865 τιμῶσιν,
1217 1777 1288 1842 οὔτε
1308 1775 1512 1868 ἀναθημάτων

389 1884 504 1962 πλῆθος
518 1895 663 1974 κοσμοῦσι
678 1884 755 1966 θεόν,
770 1888 851 1952 ἀλλά
869 1888 906 1952 ro*
927 1885 1027 1952 ἔνθεον
1047 1887 1184 1976 φρόνημα
1204 1891 1305 1962 καλῶς
1325 1878 1512 1978 ἡδρασριένον

391 1995 574 2061 συνάπτεται
588 2006 633 2079 τῷ
649 1994 716 2079 θεῷ.
735 2038 772 2049 -
792 2005 839 2063 14.
860 1997 962 2063 πάντα
977 1997 1189 2086 φιλοσώματον
1204 2002 1243 2073 ὡς
1258 1995 1347 2063 ἄθεον
1368 2000 1421 2063 καὶ
1444 2023 1513 2088 μια-

391 2108 440 2196 ρὰν
455 2104 650 2196 ἐκτρέπεσθαι
664 2107 727 2196 ypsi.
746 2148 782 2158 -
801 2115 851 2173 21.
867 2106 1005 2197 Χώρημα
1019 2113 1038 2180 ἡ
1054 2104 1133 2196 ψυχὴ
1148 2156 1174 2171 ..
1189 2105 1208 2179 ἢ
1225 2105 1301 2173 θεῶν
1314 2105 1335 2180 ἢ
1353 2098 1512 2197 δαιμόνων.

393 2258 430 2267 -
448 2224 498 2282 24.
520 2215 634 2279 Κακῶν
655 2214 801 2304 ἀνθρώπῳ
822 2207 918 2292 οὐδεὶς
939 2215 1005 2293 θεὸς
1025 2222 1132 2297 αἴτιος,
1156 2218 1239 2287 ,ἀλλά
1263 2219 1355 2293 αὐτὸς
1375 2222 1512 2300 ἐαυτῷὸ

391 2327 538 2415 ἑλόμενος.
557 2366 592 2375 -
611 2332 660 2391 28.
677 2322 828 2416 Ἀγνεύειν
841 2375 867 2391 ..
887 2330 939 2391 καὶ
958 2332 986 2391 οἱ
1006 2326 1068 2393 θεοὶ
1088 2319 1124 2393 δι’
1138 2332 1254 2416 ἀποχῆς
1273 2327 1441 2418 βρωμάτων
1461 2330 1514 2392 καὶ·

391 2426 568 2525 ἀφροδισίων
582 2427 776 2524 προσέταξαν.
803 2444 939 2503 Eundem
952 2444 1102 2503 Plotinum
1122 2445 1152 2502 in
1169 2444 1284 2505 Timaei
1297 2445 1443 2505 Platonici
1463 2465 1511 2503 ex·

390 2553 546 2630 plicatione
571 2553 632 2611 fere
657 2554 803 2630 sequitur;
828 2574 915 2632 quarn
941 2562 1054 2613 mortuo
1079 2556 1138 2614 iam
1164 2562 1352 2632 praeceptore
1377 2555 1510 2614 confecit.

390 2664 467 2725 Nam
486 2664 629 2724 Proculus
648 2665 686 2722 ad
701 2663 779 2724 Tim.
800 2685 829 2741 p.
844 2665 929 2726 hia:
951 2657 1045 2732 Μετά
1067 2649 1100 2724 δὲ
1118 2658 1172 2724 τάν
1192 2655 1343 2753 ’Apsum
1362 2665 1474 2742 inquit,
1494 2663 1511 2722 ὁ

390 2767 556 2857 Πορφύριος
571 2769 704 2858 οἰόμενος
722 2779 767 2850 τῷ
782 2768 933 2853 Πλωτίνῳ
952 2760 1130 2853 συνᾴδειν..
1145 2772 1303 2834 ἀποκαλεῖ
1336 2773 1369 2836 Si
1389 2776 1513 2836 vixisset

390 2884 540 2955 Plotinus,
562 2904 660 2943 veram
680 2903 762 2942 suam
783 2886 959 2944 sententiam
973 2886 1136 2963 Porphyrio
1151 2884 1358 2962 explicasset'.
1389 2887 1431 2945 Et
1445 2888 1475 2944 h.
1491 2888 1510 2945 l.

392 3001 422 3050 et
440 2994 507 3052 aliis
527 2993 705 3052 lamblichus
725 2994 767 3052 ita
785 2996 981 3072 Porphyrium
1001 2996 1109 3054 refutat
1129 3003 1218 3072 atque
1240 2996 1329 3054 etiam
1353 2996 1511 3073 vituperat,

391 3103 434 3162 ita
448 3104 554 3180 ubique
570 3103 626 3164 sibi
637 3105 705 3181 ipse
719 3112 858 3164 constans
873 3106 952 3164 ultra
966 3107 1046 3166 illius
1067 3107 1210 3164 rationem
1230 3107 1512 3184 temperantiamque

392 3214 553 3291 egreditur,
573 3222 606 3272 ut
624 3233 683 3272 non
698 3215 824 3291 amplius
839 3215 1013 3292 discipulum
1029 3224 1172 3295 aegerat,
1193 3218 1243 3276 sed
1259 3217 1353 3276 virum
1375 3218 1424 3276 sui
1436 3218 1511 3276 iudi·

391 3325 428 3384 cii
433 3368 443 3396 ,
464 3325 514 3401 qui
533 3332 641 3384 certam
656 3325 858 3402 philosophiae
877 3325 1031 3385 formulam
1047 3327 1242 3403 composuerit
1263 3327 1512 3405 compositamque

391 3443 498 3495 teneat.
523 3437 622 3511 Quare
641 3449 706 3493 eum
727 3443 839 3496 mortuo
853 3437 1016 3513 Porphyrio
1031 3438 1183 3497 Timaeum
1206 3438 1431 3515 interpretatum
1445 3457 1511 3497 esse

391 3548 525 3607 arbitror.

454 3660 488 3716 In
504 3658 618 3715 Timaei
638 3658 727 3736 igitur
745 3658 934 3716 annotatione
952 3658 1133 3734 Porphyrius
1153 3677 1182 3734 p.
1201 3660 1241 3717 34
1257 3678 1283 3717 a.
1310 3660 1368 3735 ait,
1393 3651 1449 3716 ὅτι
1461 3654 1511 3716 καὶ

392 3760 502 3852 σημεῖά
516 3786 584 3825 τινα
598 3760 768 3850 ἐλάμβανον
783 3763 843 3827 ἀπὸ
858 3772 913 3837 τῆς
928 3760 1070 3837 κινήσεως
1084 3771 1145 3834 τῶν
1160 3772 1318 3850 κομητῶν,
1339 3763 1388 3828 ἐπὶ
1403 3762 1456 3853 μὲν
1470 3763 1511 3827 τά

459 3964 471 3991 *
493 3963 533 4015 Ad
550 3962 663 4032 Longini
684 3963 788 4017 scholas
809 3970 836 4016 et
858 3965 1044 4018 commercium
1065 3964 1433 4035 p.980.12318chneiderit
1455 3965 1510 4018 ani-

365 4069 368 4074 >
391 4064 464 4100 mum
481 4053 600 4100 nostrum
618 4054 762 4113 revocaret,
785 4050 831 4101 ubi
847 4049 1006 4119 Porphyrius
1023 4050 1134 4102 traditur
1150 4048 1179 4100 rh
1198 4046 1355 4120 παράδειγμα
1376 4052 1425 4101 τῶν
1443 4048 1510 4102 ὅλων

392 4137 452 4184 ante
464 4132 628 4200 demiurgum
640 4134 773 4201 posuisse,
785 4139 845 4202 post
857 4134 1021 4202 demiurgum
1031 4134 1179 4203 Longinus,
1196 4132 1224 4185 hv
1236 4132 1330 4203 ἠρώτα.
1349 4135 1384 4187 At
1396 4134 1511 4187 ediderat

392 4218 609 4271 commentarium
631 4218 780 4285 Longinus,
807 4223 845 4282 et,
873 4234 941 4285 quae
968 4225 1127 4287 sequuntur,
1155 4218 1280 4271 Proculus
1306 4220 1338 4271 de
1364 4236 1412 4272 suo
1436 4220 1509 4283 dixit,

391 4304 480 4355 missis
498 4308 524 4354 et
541 4302 660 4371 Longino
679 4308 705 4353 et
721 4301 872 4371 Porphyrio.
907 4302 998 4370 ltaque
1016 4320 1064 4356 scr.
1082 4302 1177 4373 ἐρώτα,
1195 4305 1212 4358 1.
1226 4320 1248 4356 o.
1266 4304 1290 4356 si
1306 4305 1383 4373 plura
1399 4305 1431 4356 de
1442 4304 1509 4358 Lon-

392 4388 448 4456 gini
464 4389 594 4442 sententia
612 4388 677 4440 scire
695 4387 771 4451 velis,
789 4387 875 4455 ipsum
893 4386 949 4438 eius
967 4403 1061 4443 comm.
1084 4389 1181 4443 evolve.
1217 4390 1240 4440 A
1257 4389 1377 4457 Longino
1394 4387 1509 4458 Porphy-

391 4474 446 4525 rius
464 4474 491 4524 in
514 4472 554 4525 his
577 4472 770 4526 commentariis
794 4472 948 4541 saepissime
969 4473 1066 4525 recedit
1087 4474 1122 4541 (p.
1137 4474 1170 4526 10
1180 4475 1206 4526 b.
1221 4472 1251 4524 1ss
1264 4490 1287 4528 e.
1305 4472 1338 4526 29
1350 4490 1372 4525 c.
1391 4473 1425 4526 50
1437 4490 1459 4527 c.
1476 4471 1509 4524 63

391 4558 475 4625 aa.)
