3592 5400
479 637 520 699 et
912 653 1022 700 neren.

475 844 637 911 Ammonio
659 843 777 911 addidit
800 844 836 908 τὸ
861 846 1143 922 commendaticiae,
1168 844 1273 932 “quod
1297 846 1329 911 in
1345 847 1455 912 Vetere

475 983 621 1050 Translat.
646 983 868 1050 desiderabatur
877 1009 907 1063 ‚‚:
932 985 1010 1072 apud
1034 984 1181 1051 Buhlium
1203 985 1236 1050 in
1256 985 1323 1051 Vet.
1337 986 1455 1051 Transl.

476 1125 512 1186 τὸ
544 1124 807 1189 commendaticiae
836 1145 941 1189 rursus
968 1125 1113 1191 omissum
1145 1129 1207 1203 est,
1234 1130 1265 1190 et
1287 1130 1366 1190 reete
1387 1125 1456 1210 qui·

475 1261 557 1339 dem,
587 1267 622 1328 ut
649 1284 730 1328 nune
762 1263 890 1341 seimus,
922 1286 991 1328 nam
1025 1286 1120 1348 neque
1150 1263 1184 1328 in
1215 1263 1328 1329 Graeca
1351 1269 1454 1329 nostra

476 1400 587 1488 legitur
618 1405 825 1481 emerammi,
859 1407 893 1468 ut
926 1403 1005 1490 apud
1037 1402 1270 1469 Pseudo-emm.
1301 1425 1354 1468 seu
1376 1402 1457 1493 3Phi-

476 1541 629 1628 leporum.

521 1818 594 1906 Peg.
617 1823 668 1884 94.
699 1819 748 1884 Ad
780 1818 846 1885 illa:
880 1820 1012 1906 Scripsit
1035 1819 1211 1886 Atecomdro
1234 1819 1342 1885 tibrum
1364 1843 1457 1887 umam

478 1960 515 2024 de
544 1980 650 2043 repom,
683 1959 792 2025 iterum
824 1958 1016 2024 Nunnesius:
1050 1958 1193 2024 “restitui
1225 1958 1261 2022 τὸ
1293 1980 1386 2025 mmmm
1419 1981 1456 2024 ex

479 2099 593 2164 Graeca
634 2098 708 2164 Vita
745 2097 869 2187 (Amm.)
905 2097 956 2164 ubi
993 2098 1027 2163 ἐν
1068 2100 1116 2162 ἑνὶ
1155 2095 1344 2185 μονοβίβλῳ
1383 2100 1456 2183 περὶ

479 2236 649 2324 βασιλείας
680 2237 832 2327 legitur„:
864 2237 923 2304 Sed
956 2261 1052 2324 neque
1083 2238 1119 2303 ἓν
1151 2239 1263 2326 legitur
1290 2240 1322 2303 in
1345 2240 1459 2305 Graeca

480 2382 591 2444 nostra.

523 2656 596 2745 Peg.
622 2660 672 2723 95.
695 2655 814 2724 Jmoeme
836 2663 939 2724 oatem
962 2658 1111 2724 ccidente
1132 2694 1177 2708 -
1196 2664 1225 2725 et
1243 2658 1326 2725 mttoo
1346 2659 1457 2725 omtici·

475 2804 572 2883 potae
603 2836 647 2846 -—
677 2797 728 2863 hie
758 2798 843 2864 loeus
874 2804 953 2864 reete
979 2822 997 2864 a
1026 2798 1187 2864 Nunnesie
1209 2798 1405 2887 perobscurus
1428 2806 1458 2866 et

479 2937 626 3003 mendacii
658 2942 814 3026 suspectus
843 2944 981 3005 vocatur:
1012 2939 1071 3004 Sed
1093 2938 1224 3005 Buhlins
1247 2939 1335 3006 haee:
1358 2948 1388 3006 et
1409 2942 1457 3007 rd-

482 3084 528 3143 tco
552 3079 751 3164 anticipator,
776 3078 821 3145 uti
844 3079 933 3144 etiam
954 3079 986 3144 in
1005 3078 1064 3144 fine
1083 3080 1198 3145 Piama
1217 3082 1305 3146 uncis
1315 3080 1458 3155 inclusit.

478 3218 524 3283 nti
557 3223 588 3284 et
617 3240 689 3297 noe,
721 3218 773 3304 qui
804 3218 836 3283 in
860 3218 974 3284 edenda
1004 3219 1152 3285 Versione
1184 3219 1221 3284 V.
1243 3220 1279 3286 L.
1310 3220 1456 3287 Bnhlium

480 3358 573 3425 seeut’
599 3380 714 3424 sumus.

523 3640 597 3727 Peg.
629 3643 702 3705 123.
733 3640 866 3705 Addidit
888 3645 989 3704 oatem
1009 3639 1226 3725 philosophiae
1247 3641 1357 3726 ptura,
1380 3664 1458 3728 qaae

480 3781 546 3866 ipre
569 3780 695 3845 imocmit.
728 3780 833 3844 Nunn.
865 3778 1043 3866 “legebatur
1064 3778 1097 3844 in
1121 3779 1159 3843 V.
1184 3780 1218 3844 Τ.
1242 3781 1350 3864 etepit,
1372 3782 1458 3867 quasi

482 3920 595 3984 Graece
629 3919 776 4006 legeretur
810 3921 920 4003 ἣρηκε,
957 3940 1011 4005 pre
1043 3940 1104 4004 quo
1133 3941 1189 4006 ego
1220 3920 1311 3985 malui
1345 3920 1456 4006 εὕρηκε

480 4059 604 4124 minima
645 4059 827 4136 mutatione,
866 4063 955 4143 atque
993 4058 1036 4123 ita
1069 4060 1188 4146 reposui
1222 4061 1374 4140 incenit„
1410 4063 1457 4128 Ex

481 4199 595 4263 Graeca
617 4203 720 4263 nostra
738 4199 836 4263 diseas
853 4203 883 4263 et
900 4198 1093 4285 interpretem
1109 4197 1250 4265 habuisse
1260 4198 1457 4276 ἂνελέξατοτ

480 4340 581 4424 itaque
612 4339 704 4423 etepit
734 4362 795 4405 non
825 4339 1004 4405 mutandum
1034 4344 1087 4406 est.
1120 4340 1200 4406 Dein
1231 4341 1377 4430 interpres
1400 4344 1458 4408 for·

481 4482 561 4541 tasse
584 4478 674 4543 vertit
697 4501 757 4543 non
780 4501 858 4566 qaae
880 4478 932 4544 sed
955 4501 1044 4566 qaam
1067 4501 1144 4566 qmoe
1167 4481 1266 4566 eiepit.
