3592 5400
355 687 368 724 b

396 485 457 549 112
846 565 850 571 g
892 506 983 549 mama
997 509 1017 549 ι.

630 603 642 629 Ι
1062 630 1064 634 .

523 645 681 743 Ἐρχοίζευ,
698 653 783 740 φίλε,
793 644 885 725 πάνθε
902 645 1062 718 θεόσδοτον
1077 659 1106 729 ἐς
1120 656 1219 742 τρίβον
1235 652 1331 719 ἐλθών
1338 656 1358 735 ¹,

524 753 593 853 μηδ’
608 761 748 836 ἐπιλήθεο
762 773 823 828 τῶν
839 763 991 854 μακάρων,
1008 763 1108 840 θυσίας
1123 757 1320 855 terpiton

521 884 565 946 πῆ
581 873 633 963 μὲν
648 872 835 962 ἐπιχθονίοις,
851 885 895 947 πῆ
911 865 1093 963 θὀὐρανίοις,
1108 874 1184 938 ποτὲ
1199 862 1345 963 θάίθρης3

523 989 656 1049 αὐτοῖσιν
672 987 824 1069 βασιλεῦσι
839 987 890 1049 καὶ
904 985 988 1074 ἀέρος
1002 985 1205 1075 ὑγροπόροιοθ,

450 1102 478 1160 5.
522 1086 577 1164 ἠδὲ
592 1093 784 1172 θαλασσαίοις
798 1098 848 1160 καὶ
863 1094 1093 1184 ὑποχθονίοισιν5
1109 1098 1216 1159 ἅπασι·

459 1224 474 1255 ’1
492 1222 586 1276 Posset
596 1223 715 1292 intellegi
727 1239 773 1275 ora
784 1227 810 1274 et
821 1223 925 1286 labora;
942 1227 998 1275 tum
1015 1227 1111 1275 trames
1123 1223 1191 1275 vitae
1208 1223 1337 1276 terrestris
1356 1240 1372 1276 α
1387 1224 1439 1277 diis
1456 1241 1515 1277 con-

395 1324 486 1360 cessus
498 1307 697 1377 significaretur.
719 1307 754 1359 nt
766 1308 909 1377 simplicius
922 1313 973 1372 est,
991 1308 1061 1359 viam
1074 1307 1106 1359 ad
1124 1308 1258 1360 oraculum
1274 1308 1428 1377 intellegere
1441 1326 1457 1360 a
1469 1310 1515 1361 deo

395 1408 561 1458 concessam,
579 1389 721 1463 ἐργάζεσθαι
738 1397 827 1445 autem
844 1398 950 1462 propter
966 1392 1153 1444 sententiarum
1169 1409 1269 1452 nexum
1286 1393 1450 1463 interpretari
1462 1412 1515 1446 rem

396 1480 498 1532 sacram
509 1480 607 1542 iacere,
621 1494 672 1546 qua
684 1476 836 1546 metaphora
847 1479 976 1530 Homerus
989 1475 1063 1546 ῥέζειν
1077 1477 1150 1531 dixit.

396 1600 400 1605 -
464 1564 647 1633 ²lnterpumri
656 1562 761 1616 utSerr.
769 1562 891 1615 Gallaeus
901 1564 929 1615 in
938 1561 1433 1633 appadoracosibyllinaldmstelod.
1443 1564 1513 1619 1689.

333 1712 336 1724 ,ρ
396 1647 435 1702 ch.
447 1649 475 1718 4)
488 1667 513 1719 p.
523 1649 565 1702 36.
585 1648 671 1716 Vulgo
683 1648 797 1701 incisum
808 1666 862 1702 non
873 1654 934 1719 post
947 1668 1004 1718 μακ.
1018 1648 1064 1700 sed
1075 1653 1137 1718 post
1148 1646 1212 1717 ἐναρ.
1224 1649 1342 1718 ponitur:
1361 1654 1389 1701 at
1400 1648 1452 1702 hoo
1464 1667 1514 1703 non

396 1739 477 1787 esset:
495 1734 549 1786 noli
560 1748 635 1786 sacra
646 1733 798 1803 neglegere,
815 1733 874 1785 sed:
893 1734 947 1787 noli
960 1733 1090 1797 oblivisci,
1109 1733 1178 1802 quod
1194 1733 1371 1788 sacrafacias.
1395 1734 1445 1786 Pro
1464 1731 1514 1788 ένα-

397 1819 470 1890 ρίζων
482 1805 523 1872 hic
536 1824 561 1872 et
571 1836 595 1871 ν.
608 1818 637 1870 ll
651 1818 743 1887 scripsi
755 1815 872 1886 ἐναγίζων
883 1834 942 1870 cunr
951 1817 1041 1872 Valck.
1052 1817 1084 1870 ad
1094 1816 1173 1871 schol.
1183 1817 1244 1871 Eur.
1255 1817 1351 1871 Phoon.
1362 1817 1411 1871 281
1423 1837 1449 1888 p.
1460 1819 1514 1883 645,

396 1905 511 1957 elsiiam
528 1902 633 1973 Niceph.
651 1903 679 1956 in
697 1903 789 1972 Synes.
806 1921 832 1973 p.
843 1904 892 1956 411
911 1920 934 1956 a.
945 1903 1046 1957 Petam:
1065 1903 1159 1962 τούτοις
1177 1902 1259 1971 μέντοι
1275 1903 1316 1954 καλ
1334 1901 1347 1954 ὁ
1362 1903 1513 1975 χρησμῳδός

396 1987 528 2041 Ἀπόλλων
542 2028 562 2040 ..
576 1988 658 2049 θυσίας
672 1988 743 2057 φησίν
756 1985 871 2059 ἐναρίζων
884 1987 1009 2058 νερτερίων
1022 1993 1047 2040 et
1059 2004 1126 2056 quae
1137 1992 1282 2056 sequuntur
1295 1989 1427 2057 usquead
1440 1989 1512 2058 δῶρα.-

396 2075 466 2127 Sane
489 2074 595 2144 quidem
618 2073 826 2144 diligentioribus
844 2074 1013 2142 scriptoribus
1037 2071 1151 2142 ἐναγίζειν
1173 2077 1213 2125 est
1234 2089 1309 2125 sacra
1329 2073 1417 2126 facere
1435 2073 1514 2126 heroi-

395 2161 445 2212 bus
462 2165 488 2213 et
503 2164 655 2230 parentare,
673 2159 734 2209 θύειν
752 2158 899 2210 sacrificare
916 2157 964 2209 diis
982 2158 1112 2226 (Herodot.
1125 2157 1153 2221 2,
1170 2157 1212 2211 44.
1230 2157 1298 2213 Plut.
1312 2158 1343 2211 de
1355 2159 1451 2212 Herod.
1462 2175 1513 2211 ma-

395 2234 459 2314 lign.
472 2243 502 2297 13
514 2262 540 2314 p.
552 2243 630 2298 85711.
649 2243 726 2297 Paus.
741 2243 768 2308 2,
784 2243 827 2307 10,
842 2242 863 2296 l.
881 2242 909 2306 2,
925 2241 967 2307 ll,
980 2242 1004 2306 7,
1017 2242 1074 2312 οΙ.);
1091 2243 1136 2295 sed
1152 2249 1182 2294 ut
1192 2243 1320 2296 uocabula
1333 2243 1395 2294 θόειν
1408 2249 1436 2296 et
1448 2242 1513 2295 θυσία

396 2330 429 2383 ad
440 2329 532 2383 heroes
545 2327 736 2381 transferuntur
747 2327 775 2379 in
787 2328 864 2381 inscr.
878 2325 995 2379 Theraea
1008 2327 1074 2380 2448
1086 2328 1120 2381 IV
1133 2334 1158 2381 et
1169 2327 1204 2380 Vl
1215 2329 1328 2396 passim,
1341 2345 1383 2398 ap.
1393 2328 1513 2382 Herodot

396 2415 420 2469 7.
437 2414 492 2479 117,
504 2414 580 2466 Paus.
593 2413 618 2467 5.
634 2412 673 2467 13.
688 2412 703 2464 θ
721 2418 747 2464 et
763 2413 791 2465 in
809 2412 912 2465 oraculo
930 2429 971 2482 ap.
990 2413 1102 2465 eundem
1120 2413 1143 2464 o.
1156 2413 1180 2465 9.
1193 2411 1222 2477 3,
1237 2429 1277 2482 ap.
1296 2413 1442 2466 Diodorum
1455 2412 1512 2467 lVl

396 2505 422 2552 et
437 2499 470 2552 39
488 2500 558 2563 init,
576 2497 608 2550 ad
626 2503 743 2552 mortuos
761 2514 802 2568 ap.
820 2498 942 2550 Herodot
960 2497 988 2562 6,
1001 2497 1046 2562 θθ,
1064 2485 1213 2567 Etymolog.
1226 2498 1262 2550 M
1274 2514 1296 2550 s.
1314 2495 1420 2568 ἐναγίζω
1439 2504 1465 2552 et
1480 2495 1513 2548 έν-

395 2601 473 2656 τορα,
490 2585 537 2650 al,
555 2585 592 2636 lta
611 2585 804 2650 „mercenarius
816 2587 913 2652 poeta“
932 2583 977 2651 qni
990 2599 1006 2635 a
1017 2582 1189 2637 Valckenario
1201 2584 1218 2635 l.
1231 2599 1325 2636 comm.
1338 2583 1447 2650 dicitur,
1465 2582 1513 2634 ἐνα-

396 2669 468 2741 γίζειν
481 2670 583 2724 ridetur
595 2669 628 2723 ad
639 2670 828 2740 generaliorem
841 2669 1000 2723 sententiam
1011 2669 1189 2733 transtulisse,
1207 2668 1274 2722 sicut
1285 2686 1310 2725 ν.
1324 2669 1340 2721 7
1354 2669 1428 2741 ζῴων
1441 2669 1513 2721 καθα·

396 2754 511 2826 γισμοίς,
523 2756 626 2826 proprio
637 2772 683 2825 per
692 2771 816 2825 zeugma,
829 2751 954 2825 quoniar'n
966 2751 1100 2824 ἐπιχθόνιοι
1111 2759 1264 2825 sequnntm.
1385 2754 1387 2757 ’

464 2841 475 2874 ³
494 2838 563 2911 αἰθὴρ
575 2842 611 2905 Η,
624 2839 708 2910 αἴθραν
720 2840 753 2905 F,
767 2838 891 2909 αἰθερίοισι
903 2839 935 2892 Β.-

464 2926 475 2958 ⁴
494 2926 567 2977 nens
580 2926 724 2990 inferioris,
738 2926 885 2991 crassioris,
897 2943 943 2996 per
956 2940 1064 2996 vapores
1078 2932 1104 2978 et
1114 2926 1218 2995 pluvios
1230 2923 1383 2982 incedentis.

465 3009 476 3041 ⁵
495 3008 666 3080 ἐπιχθονίοισιν
678 3010 800 3065 BCDFG.
813 3041 846 3050 -
858 3011 972 3064 Deorum
989 3011 1135 3064 distributio
1152 3012 1293 3081 simplicior
1312 3017 1368 3064 erat
1383 3009 1453 3080 apud
1466 3009 1513 3064 Ηο·

397 3110 505 3148 merum.
519 3093 606 3149 Schol.
620 3094 648 3147 Il.
662 3095 685 3149 9.
699 3094 761 3147 568:
781 3093 893 3165 εὔχονται
907 3094 933 3147 δέ
946 3094 968 3148 οἱ
979 3095 1056 3167 ἥρωες
1069 3100 1120 3156 τοῖς
1137 3091 1180 3165 μὲν
1193 3093 1313 3166 οὐρανίοις
1326 3096 1391 3156 θεοῖς
1408 3091 1459 3146 ἄνω
1476 3094 1514 3154 τὰς

397 3183 481 3250 χεῖρας
499 3179 673 3250 ἀνίσχοντες..
693 3182 743 3239 τοῖς
762 3178 788 3231 δέ
802 3180 942 3241 θαλασσίοις
959 3182 1080 3234 manibus
1096 3181 1221 3251 porrectis
1239 3176 1270 3241 εἰς
1288 3178 1415 3232 θάλασσαν
1430 3221 1435 3232 .
1448 3221 1454 3231 .
1467 3183 1515 3238 τοῖς

397 3264 566 3336 καταχθονίοις
577 3263 603 3318 δὲ
612 3267 743 3327 κόπτοντες
753 3264 796 3333 τὴν
806 3269 859 3336 γῆν.
884 3268 952 3320 Τυιιι
961 3267 1039 3319 trium
1048 3282 1190 3335 regnorum
1200 3266 1261 3319 deos
1272 3266 1385 3318 maiores
1398 3266 1516 3319 distinxit

397 3357 423 3404 et
433 3346 555 3406 minores.
579 3351 688 3422 Propius
702 3352 799 3405 oraculi
811 3356 902 3405 auctor
914 3352 947 3405 ad
957 3352 1094 3405 Platonem
1110 3352 1222 3415 accedit,
1239 3352 1284 3420 qui
1300 3352 1415 3422 epinom.
1429 3369 1456 3421 p.
1468 3350 1515 3404 984

397 3436 459 3506 (360
470 3437 565 3507 Beklr.)
583 3438 697 3507 quinque
714 3437 821 3491 deorum
839 3438 973 3491 constituit
990 3453 1098 3506 genera,
1112 3436 1182 3488 πέντε
1199 3430 1275 3495 ὅντως
1293 3431 1353 3487 ὄντα
1368 3438 1436 3506 ζῷαι
1453 3435 1516 3489 side·

396 3538 482 3586 reum,
499 3522 655 3589 aetherium,
673 3528 794 3595 terrestre
807 3522 888 3592 (quod
898 3540 953 3575 non
964 3523 1097 3587 nominat,
1114 3522 1161 3574 sed
1172 3522 1328 3591 significat),
1346 3520 1375 3573 τ“ο
1389 3520 1416 3573 δὲ
1428 3521 1515 3580 θθατος

397 3606 552 3677 ripatorio
570 3606 680 3677 ἡμίθεονε
701 3609 789 3661 omnia
807 3607 941 3661 sacrificiis
957 3607 1129 3677 precibusque
1147 3623 1204 3659 esse
1222 3605 1338 3659 colenda
1361 3607 1433 3661 Deos
1445 3606 1517 3675 vulgi

396 3692 445 3759 ita,
459 3710 493 3747 ex
505 3710 553 3746 sua
565 3711 695 3764 quemque
707 3700 813 3759 natura,
826 3692 1018 3746 distribuendos
1031 3708 1102 3757 esse;
1117 3708 1222 3745 summa
1233 3692 1342 3745 numina
1354 3708 1413 3745 esse
1426 3692 1516 3745 sidera

396 3776 495 3830 Eadem
507 3780 607 3832 ratione
620 3781 725 3832 oraculo
738 3778 935 3847 distinguuntur
946 3777 972 3847 1)
985 3774 1104 3847 οὐράνιοι,
1118 3778 1163 3847 qui
1173 3795 1197 3832 v.
1208 3776 1241 3829 23
1253 3774 1366 3847 ἀσιραῖοι
1379 3777 1406 3847 2)
1420 3774 1516 3846 αἰθέριοι

397 3864 425 3932 3)
443 3860 518 3932 ἀέριοι
533 3864 561 3933 4)
580 3862 726 3934 ἐπιχθόνιοι,
749 3865 794 3933 qui
810 3864 877 3918 ν.11
897 3864 992 3934 χθόνιοι
1009 3862 1037 3931 5)
1056 3860 1197 3930 θαλάσσιοι,
1220 3879 1271 3931 quo
1290 3862 1397 3915 nomine
1415 3859 1517 3932 ἐνόθριοι

399 3947 489 3999 omnes
500 3946 759 4017 comprehenduntur,
772 3954 802 4001 ut
814 3946 1108 4014 contemnerem,
1126 3948 1250 4005 nimirum
1262 3947 1324 4016 quia
1333 3963 1418 4016 aquae
1428 3963 1517 4000 omnes

397 4030 484 4084 fluviis
501 4038 634 4102 postremo
651 4035 679 4086 in
691 4050 763 4086 mare
776 4033 945 4087 deducuntur.
968 4032 1102 4086 Accedunt
1118 4030 1274 4102 ὑποχθόνιοι,
1291 4032 1328 4084 dii
1342 4033 1434 4102 inferi,
1453 4049 1517 4103 quos

399 4116 495 4169 omittit
511 4117 647 4186 epinomis.
671 4117 799 4183 Ἑλλήνων
818 4119 858 4169 κα)
869 4118 1001 4172 Χαλδαίων
1015 4116 1100 4187 σοροί,
1118 4118 1155 4169 ait
1166 4115 1326 4186 Nicephorus
1341 4117 1474 4187 Gregoras
1492 4120 1516 4170 in

398 4202 539 4272 Synesium
555 4220 581 4271 p.
592 4203 642 4255 412
656 4203 695 4258 ed.
707 4204 817 4267 Petavii,
835 4200 864 4254 τά
881 4202 924 4273 μὲν
944 4202 1024 4254 αὐτῶν
1041 4203 1099 4270 (τῶν
1118 4201 1259 4271 δαιμονίων)
1273 4202 1345 4271 φασίν
1364 4194 1425 4254 εἶναι
1442 4200 1516 4272 ἀέρια,

397 4281 428 4339 ’τά
441 4287 467 4339 δέ
479 4285 568 4358 θδραία
580 4288 620 4339 αα)
632 4286 727 4357 ἐνίιλια,
747 4285 777 4338 τά
794 4285 820 4339 δὲ
837 4288 926 4358 χθόνια
942 4288 982 4337 καί
995 4286 1138 4357 θποχθόνια.
1161 4287 1342 4352 idoneum,
1359 4285 1516 4356 hymnorum

398 4371 569 4443 Orphicorum
582 4379 671 4427 auctor
682 4390 798 4444 prooem.
811 4372 994 4442 v.32p1enius
1007 4373 1079 4425 dicit:
1095 4372 1213 4442 δαίμονας
1226 4370 1353 4441 οὐρανίους
1365 4389 1391 4424 τε
1404 4373 1445 4423 καλ
1457 4370 1516 4423 cloa-

398 4458 464 4517 λίους
478 4453 517 4509 αα)
530 4457 642 4530 ἐνύδρους
660 4459 700 4511 καλ
711 4459 825 4530 χθονίους
843 4458 883 4510 καλ
902 4456 1063 4528 ὑποχθονίους
1080 4456 1119 4523 ἠδ’
1131 4454 1289 4528 ἠεριροίτους.
1314 4456 1365 4520 Qui
1381 4458 1445 4510 deos
1463 4473 1517 4510 cae·

397 4545 489 4608 testes,
507 4544 649 4610 aetherios,
666 4545 751 4598 aerios
763 4562 815 4597 uno
828 4544 934 4597 nomine
947 4544 1161 4614 complectuntur.
1179 4541 1304 4596 Nominat
1315 4543 1435 4612 singulos
1447 4544 1517 4610 Arte·
