3592 5400
812 551 989 594 PRAEFATIO.
1440 556 1460 596 V

343 705 451 765 Graeci
461 712 692 775 consecrassent,
705 724 778 781 quas
786 705 919 763 volucres
931 706 1155 765 sacrificassent.
1171 707 1329 766 Praeterea
1339 723 1378 766 ne
1389 709 1460 786 quid

342 823 421 874 certo
445 816 481 874 de
499 816 656 893 Porphyrii
680 816 877 892 disputatione
895 817 1002 875 iudicio
1020 817 1150 888 deesset,
1178 817 1316 894 inquisivi
1344 821 1459 896 quando

342 925 474 984 confecta
488 935 568 986 esset
582 934 611 985 et
625 946 700 1003 quae
715 928 793 984 inter
808 947 871 986 eam
888 935 918 985 et
931 927 1005 986 alias
1027 928 1155 986 eiusdem
1171 929 1226 986 viri
1245 928 1458 1006 disputationes

341 1039 416 1096 ratio
431 1038 638 1108 intercederet,
655 1039 703 1114 qui
718 1045 841 1115 possent
854 1038 950 1097 fontes
970 1057 1036 1097 esse
1057 1058 1093 1096 ex
1108 1039 1213 1115 quibus
1225 1040 1367 1112 hauriret,
1384 1062 1459 1118 quae

341 1150 523 1208 oraculomm
543 1150 697 1208 allatorum
712 1149 784 1208 fides
797 1132 866 1209 esse
880 1150 1035 1208 videretur.
1075 1149 1174 1224 Quare
1195 1170 1214 1208 a
1227 1151 1288 1210 vita
1302 1152 1458 1230 Porphyrii

341 1276 426 1320 orsus
442 1280 521 1331 sum,
542 1279 629 1337 quam
644 1280 731 1337 quum
747 1260 874 1318 nondum
894 1261 967 1320 satis
982 1261 1129 1319 subtiliter
1144 1262 1282 1338 scriptam
1298 1281 1363 1323 esse
1378 1271 1408 1320 et
1423 1283 1459 1322 ex

340 1372 425 1430 libris
439 1371 606 1448 philosophi
621 1391 714 1448 nuper
727 1370 851 1448 primunr
868 1371 954 1430 editis
969 1372 1119 1448 explanari
1134 1391 1222 1450 posse
1236 1373 1456 1446 intellexissem,

339 1484 436 1539 denno
451 1483 581 1554 narravi3
603 1489 801 1559 perscrutatus
817 1482 935 1553 deinde,
952 1503 1008 1559 quo
1024 1491 1153 1559 tempore
1167 1484 1299 1562 singulae
1314 1503 1457 1544 commen-

340 1592 466 1651 tationes
482 1593 630 1650 confectae
646 1593 798 1668 editaeque
814 1601 928 1663 essent,
944 1600 1004 1651 tres
1019 1594 1096 1652 vitae
1110 1593 1202 1653 fnisse
1216 1603 1315 1671 partes
1334 1595 1457 1656 interae

339 1703 472 1762 diversas
487 1704 692 1761 demonstrari.
726 1703 805 1761 Dum
826 1704 903 1761 enim
919 1705 1042 1763 Athenis
1057 1703 1223 1782 Longinum
1237 1706 1319 1763 audit
1334 1700 1364 1784 (i.
1378 1726 1402 1766 e.
1419 1709 1457 1766 ab

339 1832 365 1870 a.
380 1813 442 1871 252
458 1832 551 1890 usque
565 1814 602 1872 ad
617 1834 643 1872 a.
658 1807 747 1892 262),
763 1823 793 1872 et
807 1815 963 1891 scriptores
979 1821 1104 1885 veteres,
1121 1815 1277 1891 praecipue
1287 1816 1455 1889 Homerum,

340 1931 369 1981 et
383 1924 494 1982 cultum
509 1926 627 1983 deorum
642 1925 685 1983 ita
698 1924 758 1982 fere
774 1925 864 1982 tuitus
879 1925 1147 2001 interpretatusque
1162 1932 1222 1995 est,
1244 1934 1277 1983 ut
1296 1927 1456 2004 antiquitas
1490 1944 1492 1947 ’

339 2035 499 2092 tradiderat
504 2055 512 2106 ;
533 2036 636 2112 primis
657 2034 890 2094 commorationis
905 2035 1057 2092 Romanae
1071 2035 1157 2093 annis
1176 2049 1266 2111 quum
1279 2045 1391 2096 veteres
1406 2058 1456 2096 ne-

340 2163 396 2220 que
411 2146 489 2203 inter
503 2164 535 2204 se
550 2153 683 2236 constqre
698 2165 793 2222 neque
808 2165 872 2203 cum
888 2164 1018 2204 summae
1032 2144 1236 2223 philosophiae
1255 2147 1370 2206 ratione
1390 2167 1456 2207 con·

340 2256 450 2314 sentire
465 2257 662 2334 cognovisset,
678 2264 708 2314 et
722 2259 777 2316 sub
792 2257 887 2316 verbis
900 2257 1075 2334 scriptorum
1090 2264 1119 2314 et
1134 2258 1188 2316 sub
1203 2257 1346 2317 institutis
1360 2278 1456 2320 sacro-

339 2387 401 2425 rum
416 2367 595 2425 reconditam
610 2368 738 2443 aliquam
754 2376 782 2425 et
797 2369 905 2426 celsam
921 2368 1115 2445 subtilemque
1126 2369 1302 2427 sententiam
1317 2369 1454 2444 subiecit3

339 2486 485 2553 postremo
500 2478 649 2590 aliqpanto
664 2487 732 2546 ante
747 2497 773 2536 a.
788 2478 859 2548 267,
880 2499 937 2555 quo
953 2481 1054 2536 urbem
1068 2478 1237 2554 Plotinique
1258 2481 1373 2538 scholas
1388 2481 1455 2539 reli·

339 2590 415 2664 quit,
432 2589 531 2648 missis
547 2608 667 2665 prorsus
683 2596 712 2646 et
726 2588 848 2647 abiectis
859 2589 988 2648 Homero
1004 2589 1140 2664 cultuque
1152 2588 1270 2647 deorum
1285 2598 1377 2648 totum
1390 2610 1455 2651 sese
1514 2645 1522 2657 ,
1565 2661 1569 2668 ¹

338 2700 448 2775 puriori
463 2700 543 2759 dedit
556 2700 767 2778 philosophiae.

400 2813 436 2870 In
454 2812 550 2889 prima
569 2812 645 2869 vitae
665 2819 748 2902 parte
769 2811 886 2888 scripsit
907 2812 943 2869 de
963 2811 1098 2870 oraculis.
1122 2814 1161 2870 At
1180 2811 1247 2889 ipsa
1265 2812 1323 2872 ista
1338 2816 1455 2874 oracula

338 2924 501 3000 genuinane
515 2931 584 2981 sunt
596 2941 633 2980 an
648 2922 821 2981 subditicia?
844 2922 921 2980 Nam
937 2924 1047 2980 nullum
1062 2942 1161 2982 eorum
1174 2925 1211 2982 ah
1223 2924 1283 2982 ullo
1296 2928 1453 2985 vetustiore
1491 2964 1495 2973 ·

339 3034 480 3110 scriptore
502 3034 640 3103 traditur,
662 3033 789 3110 plurima
810 3041 839 3090 et
859 3035 1064 3092 vocabulorum
1083 3034 1198 3092 delectu
1219 3042 1247 3093 et
1269 3056 1454 3097 numerorum

338 3144 450 3201 ratione
465 3144 655 3220 posteriorem
672 3144 835 3201 litterarum
847 3144 1110 3202 Alexandrinarum
1122 3153 1247 3203 aetatem
1259 3148 1399 3206 redolent.
1415 3184 1450 3193 -

338 3254 500 3312 Potuerunt
515 3248 612 3311 tamen
628 3254 756 3331 genuina
771 3273 836 3313 esse
843 3299 851 3325 ,
869 3254 900 3311 id
914 3262 960 3312 est
973 3255 1040 3314 fusa
1050 3255 1079 3311 in
1092 3255 1211 3313 deorum
1222 3258 1349 3332 templis.
1373 3258 1452 3317 Non-

339 3364 405 3422 dum
427 3365 505 3422 enim
528 3365 708 3423 obmutuisse
730 3366 850 3422 numina
870 3364 995 3422 fatidica*
1011 3365 1168 3440 Porphyrii
1189 3342 1453 3444 temporesnuper

339 3475 488 3547 ostendi*;
503 3475 595 3533 fuisse
609 3476 848 3534 vaticinationum
863 3492 998 3549 corpora,
1018 3493 1053 3531 ex
1068 3474 1172 3550 quihus
1188 3475 1367 3551 Porphyrius
1382 3479 1451 3535 hau-

338 3585 393 3643 rire
408 3594 523 3663 posset,
545 3604 622 3642 nunc
635 3586 755 3662 probavi
761 3607 769 3657 ;
791 3585 939 3660 composui
957 3584 1033 3641 enim
1049 3595 1178 3642 veterum
1193 3585 1380 3661 scriptorum,
1392 3579 1452 3664 ‘qui

339 3715 478 3772 responsa
493 3696 591 3754 divina
606 3696 796 3773 collegerunt,
812 3695 939 3754 nomina.
959 3730 994 3737 —
1012 3695 1101 3770 Atqui
1117 3715 1205 3771 quum
1223 3697 1367 3771 permulta
1381 3699 1451 3757 Por·

338 3806 432 3882 phyrii
455 3808 572 3864 oracula
593 3826 652 3863 non
673 3806 864 3876 hexametris,
888 3806 941 3863 sed
962 3806 1029 3863 aliis
1050 3805 1179 3864 numeris
1201 3806 1261 3864 sint
1281 3808 1451 3883 composita,

338 3936 432 3973 nonne
453 3936 488 3974 ea
508 3924 584 3974 certe
604 3916 713 3974 fraudis
736 3917 861 3992 speciem
881 3923 983 3992 aperte
1002 3936 1074 3992 prae
1095 3936 1126 3974 se
1144 3916 1260 3973 ferunt?
1278 3952 1314 3960 —
1332 3918 1379 3975 De
1394 3938 1451 3994 qua

337 4046 367 4083 re
387 4037 419 4083 ut
440 4027 544 4085 scirem
564 4027 633 4102 quid
649 4026 834 4084 statuendum
850 4034 943 4096 esset,
964 4027 1081 4084 oracula
1100 4026 1234 4104 congessi
1262 4046 1451 4105 quaecunque

337 4136 433 4194 vincta
455 4136 572 4212 quidem
594 4137 736 4207 oratione,
760 4157 819 4194 non
842 4144 940 4194 tamen
962 4137 1137 4195 hexametris
1158 4137 1268 4212 scripta
1290 4138 1450 4196 traduntur.

337 4246 382 4302 Ita
397 4246 543 4315 intellexi,
566 4246 712 4305 trimetros
728 4247 867 4305 iambicos
882 4248 1009 4323 Delphis
1023 4247 1071 4304 vel
1085 4247 1216 4324 Harpagi
1231 4254 1375 4323 tempore,
1397 4250 1451 4307 sub

337 4354 558 4432 imperatoribus
570 4376 671 4415 versus
683 4356 827 4434 elegiacos
839 4358 980 4434 Delphis,
999 4364 1183 4416 tetrametros
1195 4357 1357 4416 trochaicos
1371 4356 1450 4416 Clari

371 4584 382 4612 *
400 4585 438 4637 De
448 4581 591 4639 novissima
601 4586 764 4639 oraculorum
774 4593 866 4642 aetate.
888 4587 973 4640 Berol.
984 4586 1119 4655 Springeri
1129 4584 1263 4655 impensis,
1276 4584 1349 4648 1854,
1359 4584 1399 4637 ch.
1409 4586 1434 4635 4.
