3592 5400
565 519 661 562 curor
674 520 706 562 11.
730 519 1068 562 nrmauouuuroaru.
1087 518 1238 563 murore.
1418 499 1459 563 35

338 694 408 745 uos,
428 680 580 752 poetarum
596 682 625 731 et
639 674 797 733 memoriae
811 674 972 733 communis
984 674 1013 748 ip
1026 676 1112 733 rebus
1121 674 1214 752 gestis
1226 674 1314 732 fidem
1325 682 1430 732 tractat
1438 665 1459 732 ¹.

338 784 512 863 Spectemus
532 805 619 862 porro
635 783 766 866 Crameri
786 787 887 844 anecd.
905 778 1012 862 (Oxou.
1029 777 1120 862 1841)
1135 785 1186 843 IV.
1203 806 1232 862 p.
1245 785 1322 844 432:
1342 777 1461 867 Προλε·

338 890 455 980 γόμενα
467 899 523 964 τῆς
539 894 707 979 εἰσαγωγῆς
721 887 899 977 Πορρυρίου.
927 887 977 952 Οὐ
992 890 1050 979 γοὶρ
1066 889 1189 978 μίνονή
1208 898 1345 977 παροῦσα
1364 912 1461 979 πραγ-

339 1001 451 1090 ματεία
466 1003 545 1085 αὐτῇ
566 999 744 1090 γέγραπται,
755 1000 827 1088 πρὸς
841 997 1038 1088 Χρυσαὸριον,
1060 998 1206 1062 ἀλλὰκαὶ
1222 997 1327 1079 ἄλλαι,
1347 994 1409 1062 οἷον
1423 1000 1460 1063 τὸ

336 1112 405 1199 περὶ
426 1100 646 1185 διστάσιως
666 1108 832 1184 Πλάτωνος
852 1111 903 1172 καὶ
919 1107 1149 1198 Ἀριστοτέλους.
1180 1099 1382 1185 Παιδιιίοντος
1403 1111 1460 1200 γὰρ

336 1229 394 1284 τοῦ
414 1219 583 1310 Πορφυρίου
603 1225 634 1284 ἐν
655 1217 756 1309 Ῥώμῃ
776 1220 831 1283 τὸν
845 1217 1029 1309 Χρυσαόριον
1052 1220 1100 1283 τοὶ
1120 1218 1396 1309 μαθηματικοί,
1420 1221 1462 1284 τοὶ

337 1340 445 1420 πρῶτα
465 1330 593 1419 φέροντα
612 1340 666 1405 τῆς
686 1335 783 1393 ἐκεῖσε
801 1333 968 1421 γερουσίας,
992 1330 1140 1420 ἀπόγονος
1159 1331 1215 1421 γάρ
1236 1324 1272 1402 ἦν
1293 1329 1460 1420 Συμμάχου

338 1443 466 1520 ἐκείνου,
482 1446 522 1516 εἰς
536 1439 570 1504 ὃν
585 1445 712 1530 εἴρηται·

446 1550 607 1641 Σύμμαχε,
619 1531 815 1640 Συμμαχίδη,
827 1551 1063 1640 πολυσύμμαχι,
1075 1551 1214 1642 σύμμαχα
1223 1551 1353 1643 Ῥώμης,

338 1664 391 1727 καὶ
402 1652 654 1751 ἀποδημήσαντος
672 1666 766 1725 αὐτοῦ
776 1659 946 1750 Πορρυρίου
958 1667 988 1726 ἐν
1000 1661 1124 1746 Σικελίᾳ
1135 1653 1185 1726 διὰ
1194 1664 1264 1739 τοὺς
1273 1668 1304 1728 ἐν
1317 1675 1358 1749 τῇ
1366 1664 1459 1751 Αἴτνη

336 1773 659 1861 τοῦπυρὸςιιρατῆρας,
668 1762 746 1836 διότι
755 1761 863 1835 διῒτόν
871 1772 1034 1860 ριλίσορον
1042 1770 1248 1860 φιλοθεάμονα
1256 1771 1330 1838 εἷναι
1338 1783 1461 1851 τῶνα-ῆς

338 1883 456 1972 φύσεως
470 1888 572 1973 ἔργων,
595 1881 746 1972 σχολάσας
760 1887 776 1944 ὁ
788 1881 971 1972 Χρυσαόριος
986 1883 1045 1946 ἀπὸ
1060 1892 1121 1946 τῶν
1137 1881 1327 1972 μαθημάτων
1341 1884 1461 1975 ἐνέτυχε

336 2005 408 2070 ταῖς
418 1991 641 2083 Ἀριστοτέλους
656 1994 861 2083 κατηγορίαις,
876 1994 928 2056 καί
944 1994 984 2082 μή
1003 1982 1135 2068 δυνηθεὶς
1150 2003 1254 2064 νοῆσαι
1270 1993 1377 2074 αὐτάς,
1398 1999 1461 2060 ἐτι-

338 2104 459 2168 στέλλει
479 2114 524 2187 τῷ
539 2102 712 2193 Πορφυρίῳ,
732 2101 751 2176 ἢ
771 2105 827 2175 τὴν
844 2105 990 2192 ταχίστην
1004 2101 1178 2167 ἐπανελθεῖν
1192 2105 1243 2166 καὶ
1258 2097 1461 2195 ἐξηγήσασθαι

338 2219 425 2297 αι’ντῷ
439 2215 494 2289 τοὶς
508 2215 601 2290 αὐτὰς
613 2216 806 2304 κατηγορίας,
821 2211 841 2284 ἢ
853 2210 966 2305 γράψαι
980 2218 1063 2296 αὐτῷ
1075 2214 1251 2304 ὑπόμνημα·
1273 2217 1324 2279 καὶ
1335 2220 1461 2305 αἱρεῖται

338 2323 539 2414 ὁΠορρίριος
557 2325 594 2388 τὸ
617 2314 755 2413 δεύτερον
776 2327 827 2388 καὶ
841 2324 949 2415 γράφει
970 2329 1053 2407 αὐτῷ
1073 2326 1128 2396 την
1147 2335 1299 2414 παροῦσαν
1320 2349 1462 2417 πραγμα-

317 2447 321 2455 ’
337 2438 423 2499 τείαν
437 2485 463 2498 ..
486 2439 629 2500 Similiter
639 2442 810 2500 Ammonius
821 2442 962 2500 Hermiae
976 2443 1013 2513 1.,
1031 2443 1148 2501 Proculi
1160 2436 1331 2519 discipulus,
1348 2444 1379 2500 in
1394 2463 1460 2521 pro·

338 2552 608 2630 technologumenis
623 2552 673 2611 fol.
689 2554 725 2610 17
739 2554 767 2610 b.
785 2545 840 2630 (ed.
853 2553 958 2611 Venet.
974 2544 1081 2629 1545),
1097 2553 1155 2610 nisi
1170 2553 1346 2629 quodetiam
1359 2561 1460 2631 rogatu

339 2661 525 2739 Chrysaorii,
541 2663 590 2739 qui
606 2662 641 2720 de
653 2665 766 2721 Aetnae
780 2683 818 2722 m.
836 2663 903 2741 igue
919 2663 1025 2721 certior
1038 2662 1101 2721 fieri
1117 2671 1249 2739 cuperet,
1265 2663 1460 2741 Porphyrium

338 2776 370 2831 in
383 2772 515 2833 Siciliam
529 2774 690 2850 profectum
701 2793 767 2833 esse
778 2775 876 2832 tradit.
902 2772 980 2833 Saue
992 2774 1108 2851 quidem
1120 2774 1235 2834 diversa
1245 2793 1364 2852 prorsus
1379 2775 1459 2833 illius

339 2884 456 2943 itineris
471 2903 559 2943 causa
571 2885 627 2943 fuit
642 2878 759 2962 (Porph.
772 2885 822 2945 vit.
834 2886 913 2945 Plot.
929 2888 964 2944 11
980 2878 1079 2964 extr.),
1100 2886 1143 2943 ita
1161 2893 1195 2943 ut
1209 2887 1321 2963 reliqua
1336 2905 1459 2964 quoque,

339 3013 417 3072 quae
430 2994 475 3052 illi
490 3002 624 3066 narrent,
639 2995 670 3052 in
685 2995 896 3054 dubitationem
907 2988 1076 3068 vocentur²;
1092 3005 1189 3055 tumen
1201 2998 1257 3056 hoc
1268 2997 1336 3055 inde
1347 2996 1461 3055 videtur

341 3105 440 3184 colligi
454 3123 556 3182 posse:
577 3106 773 3182 Porphyrium
788 3105 958 3184 Chrysaorii
973 3116 1191 3184 praeceptorem
1205 3108 1311 3179 fuisse,
1326 3108 1461 3167 docuisse

339 3216 399 3273 iam
419 3223 488 3273 ante
503 3216 616 3274 Plotini
635 3224 772 3288 mortem,
793 3218 919 3288 Romae,
941 3226 1098 3294 antequam
1117 3219 1147 3275 in
1165 3216 1298 3277 Siciliam
1312 3218 1459 3295 migraret,

340 3326 398 3383 arti
412 3328 634 3384 mathematicae
649 3346 766 3403 operam
781 3327 912 3398 dedisse,
933 3328 964 3384 in
981 3326 1083 3386 Sicilia
1097 3328 1133 3385 de
1147 3328 1269 3385 Aristot.
1287 3322 1460 3405 categoriis³

340 3437 378 3494 de
397 3436 583 3513 eiusdemque
602 3457 637 3496 ac
655 3438 789 3496 Platonis
812 3437 979 3496 differentia
993 3438 1157 3513 scripsisse.
1183 3436 1267 3511 Quae
1282 3438 1309 3495 si
1323 3438 1366 3494 ita
1380 3448 1459 3508 suut,

340 3547 431 3606 libros
445 3548 602 3624 Porphyrii
616 3549 806 3626 geometricos
822 3556 851 3606 et
865 3548 1064 3605 arithmeticos
1080 3541 1172 3624 (Suid.
1185 3540 1314 3625 Europ.)
1336 3567 1460 3607 commo·

412 3712 419 3743 ¹
444 3708 552 3763 Athenis
569 3708 618 3763 hoc
637 3711 758 3786 scripsit„
770 3728 823 3763 nou
840 3710 971 3780 Lilybaei,
989 3710 1012 3762 si
1029 3716 1098 3763 recte
1115 3709 1291 3762 Bernhardius
1308 3710 1357 3765 litt.
1370 3710 1473 3763 Graec.v

340 3794 402 3849 hist.
421 3793 445 3846 ll
462 3813 488 3865 p.
499 3796 547 3847 116
565 3796 598 3847 ad
614 3795 750 3865 Porphyrii
768 3812 873 3865 operam
896 3796 924 3846 in
941 3795 1018 3849 Hom.
1038 3796 1188 3864 catalogum
1210 3795 1331 3848 collatam
1353 3796 1460 3849 rettulit

340 3882 376 3932 At
392 3882 478 3932 minor
495 3886 598 3933 tautum
615 3881 742 3950 prooemii
760 3896 819 3950 pars
838 3879 870 3931 ad
888 3881 1038 3948 catalogum
1056 3881 1174 3950 pertinet.
1337 3873 1343 3880 ’

411 3964 422 3997 ²
443 3965 529 4017 Etiam
553 3967 686 4019 consulem
704 3966 780 4019 Rom.
798 3965 880 4017 fuisse
899 3964 1084 4033 Chrysaorium
1101 3966 1185 4018 David
1201 3966 1281 4018 relert
1302 3967 1335 4018 ad
1352 3967 1459 4021 Aristot.

341 4051 382 4105 ad.
395 4050 481 4103 Berol.
494 4050 538 4104 IV.
550 4068 576 4119 p.
592 4050 630 4105 18.
644 4051 670 4105 b.
683 4051 728 4105 liu.
745 4050 789 4114 163
813 4055 960 4102 sanatorem
976 4050 1134 4120 Philoponus
1153 4052 1215 4103 ibid.
1227 4069 1253 4120 p.
1269 4052 1308 4105 ll.
1322 4068 1345 4104 a.
1357 4053 1403 4104 liu.
1415 4051 1461 4115 34;

341 4132 471 4205 ἄνθρωπος
489 4133 536 4204 γὰρ
554 4129 584 4200 ἦν
603 4132 616 4185 ὁ
634 4136 784 4205 Χρυσαόριος
803 4135 958 4205 στρατηγίαις
983 4135 1080 4206 μᾶλλον
1102 4138 1117 4202 ἢ
1142 4126 1227 4205 λόγοις
1250 4134 1461 4206 ἐνασχολοιίμενος

341 4219 415 4289 (ibid.
429 4222 455 4273 b.
474 4221 519 4273 liu.
532 4220 584 4289 14).
604 4219 675 4283 Quae
693 4220 782 4272 omnia
798 4221 886 4273 nescio
906 4236 940 4273 au
958 4238 991 4273 ex
1010 4221 1209 4284 infirmissimis,
1230 4237 1296 4289 quae
1314 4220 1383 4289 apud
1400 4219 1461 4271 Por-

340 4304 464 4374 phyrium
481 4306 568 4374 ipsum
586 4306 650 4367 siut,
668 4305 770 4357 indiciis
788 4306 826 4356 illi
842 4305 975 4360 finxerint.

410 4388 422 4422 ⁸
444 4387 578 4459 Εἰσαγωγὴ
601 4387 632 4449 εἰς
654 4388 695 4449 τὰς
713 4387 897 4458 Ἀριστοτέλους
916 4391 1064 4461 κατηγορίας
1085 4392 1141 4443 aire
1162 4407 1188 4440 π.
1206 4390 1256 4440 τῶν
1276 4388 1349 4439 ’πέντε
1372 4390 1461 4457 φωνῶν

342 4475 396 4526 sive
414 4492 440 4524 π.
460 4474 544 4543 γένους
562 4474 602 4525 καλ
619 4472 696 4533 ιίὸους
715 4474 755 4525 καὶ
774 4475 890 4545 διαφορᾶς
909 4476 949 4527 καλ
962 4474 1023 4527 ἰδίου
1038 4476 1078 4526 καὶ
1091 4474 1282 4544 συμβεβηκότος.
1311 4473 1460 4526 Postremus

342 4558 382 4612 ed.
395 4558 507 4611 Brandis
519 4560 546 4610 in
559 4559 704 4611 Aristotelis
718 4560 864 4612 academiae
877 4560 984 4614 Boruss.
998 4560 1120 4629 auspiciis
1133 4557 1195 4609 editi
1210 4563 1273 4611 tom.
1286 4558 1303 4608 4
1315 4575 1340 4626 p.
1354 4557 1425 4611 1-6.

1224 4658 1258 4709 3.
