3592 5400
825 542 916 584 noma
937 544 968 586 11.

463 679 605 762 αὐδήσει1
621 688 708 778 ριἰτις
722 689 852 779 ἡμετέρη
868 680 1082 780 θεμιτώδεσιν2
1097 693 1215 778 ὀμραῒς.

463 799 552 889 μόρια
567 799 620 890 μὲν
634 802 721 890 γαίης
736 800 885 889 μιινιόια3
901 799 1029 865 θέσκελα
1043 800 1148 881 νώτῳ4

463 909 610 993 ἐβλόσόιι,
625 913 721 1001 παγαί
733 935 769 975 τι
784 913 835 975 καὶ
850 911 1011 1001 saeptam
1028 901 1178 983 δινήεντα·

366 1029 439 1087 290.
464 1023 515 1084 καὶ
528 1021 569 1085 τὰ
584 1021 637 1110 μὲν
653 1017 695 1108 ἂψ
710 1021 865 1112 χθονόοισιν
880 1023 970 1086 ὑπαὶὸ
985 1023 1138 1087 κόλποισιν
1152 1012 1259 1086 ἔδεκτο

463 1133 541 1204 ωλι-ό.
555 1143 632 1223 γαῖα
646 1143 793 1221 χανοῦσα,
807 1132 848 1197 τά
864 1123 889 1196 δ’
901 1135 997 1197 ὤλεσε
1012 1135 1112 1224 μυρίος
1126 1133 1205 1197 αἰών.

464 1241 581 1333 μοόνῳ7
598 1233 622 1307 δ’
634 1242 742 1325 Ἠελίῳ
758 1245 988 1332 ’ριιιι-ιμβρότῳ8
1004 1242 1089 1309 εἰσότ’
1103 1251 1184 1309 ἔασιν

462 1358 494 1417 ἐν
509 1343 649 1443 Διδύμων
663 1353 787 1444 μιάλοις
802 1353 981 1426 Μυκαλήιον
995 1353 1094 1419 ἔνθεον
1109 1345 1201 1445 ὕδωρ,

464 1462 608 1540 Πυθῶνός
622 1463 648 1527 τ’
660 1465 718 1528 ἀνα
731 1456 843 1540 πέζαν9
858 1467 930 1529 ὑπαὶ
942 1465 1111 1554 Παρνάσιον
1127 1464 1252 1547 atrum,

367 1583 441 1641 295.
465 1577 517 1639 καὶ
531 1576 645 1664 κραναῆ
662 1575 795 1665 Κλαρίη,
809 1577 904 1665 τρηχὺ
911 1578 935 1616 ¹¹
950 1577 1050 1666 στόμα
1065 1566 1208 1665 ροιβάδος
1223 1583 1328 1668 ὀμρῆς.

398 1694 542 1752 Eiusdem
557 1700 586 1751 et
601 1693 707 1751 aetatis
722 1702 752 1751 et
765 1694 892 1753 auctoris
908 1695 1056 1753 oraculum
1070 1695 1126 1752 suit
1140 1696 1282 1772 superiori
1301 1706 1454 1755 annexum.

1481 1515 1505 1554 P.
1518 1514 1563 1556 tot.

336 1805 380 1863 ltu
395 1805 475 1862 enim
489 1805 627 1882 pergitur.

399 1907 546 1972 Νικαεῦσι
561 1898 594 1973 δὲ
608 1918 685 1998 χρῶν
696 1914 768 2012 ἔφη·

405 2192 413 2224 ¹
435 2189 524 2254 addatur
541 2189 571 2242 A.
725 2189 736 2223 ²
755 2189 903 2259 θεμιτόδεσιν
920 2189 996 2243 BCD.
1150 2190 1161 2223 ³
1179 2190 1236 2260 γαίη
1256 2188 1342 2261 μάντηι
1359 2191 1413 2245 ΑΗ.

403 2277 415 2308 ⁴
434 2275 501 2326 νώτιι
517 2274 553 2339 H,
571 2276 637 2343 νότῳ
654 2273 713 2338 BD,
731 2276 799 2344 νόσῳ
818 2275 858 2329 OF
861 2275 892 2330 G.
1048 2275 1058 2308 ⁵
1078 2272 1175 2345 ἄόματσ
1192 2277 1222 2329 A.

403 2361 415 2394 ⁶
434 2358 483 2411 ὑπο
500 2360 559 2423 ΑΗ,
577 2359 621 2410 bae
638 2359 697 2423 BD,
715 2358 760 2412 ὗπέ
779 2360 810 2415 G.
966 2361 976 2394 l
996 2365 1075 2431 μοῦνα
1093 2360 1119 2412 δὲ
1136 2362 1234 2426 AllSV,
1253 2364 1323 2432 μόνῳ
1342 2363 1364 2414 δ’
1381 2363 1409 2418 F.

404 2446 415 2481 ⁸
435 2444 624 2514 φαεσιμβρότων
639 2446 693 2498 All.
847 2445 859 2478 ⁹
876 2463 923 2515 pro
942 2445 1018 2507 πῖζαν
1036 2463 1084 2498 ser.
1102 2447 1153 2498 rid.
1173 2447 1274 2514 βῆσσαν.

394 2531 417 2564 ¹⁰
436 2529 484 2581 ὑπὸ
504 2569 529 2581 ..
549 2527 606 2589 ἔπος
618 2530 673 2585 All.
691 2530 777 2600 Vulgo
796 2530 958 2600 παρνήσσιον,
976 2532 1022 2584 sed
1035 2531 1118 2585 Gaisf.
1136 2546 1169 2583 ex
1182 2530 1273 2585 CFGll
1290 2532 1429 2602 παρνόσιον.

393 2618 414 2650 ¹¹
435 2616 507 2685 τριχὺ
525 2615 583 2679 AB,
601 2615 679 2685 τροχίι
697 2615 729 2670 Il.
1470 2668 1473 2673 .

405 2703 547 2756 Oraeulum
564 2719 618 2754 non
635 2707 676 2753 est
692 2700 833 2772 Apollinis,
856 2702 984 2771 siqnidem
1001 2719 1026 2755 ι.
1041 2703 1053 2755 1
1067 2704 1120 2755 et'l
1137 2704 1213 2757 tertia
1233 2720 1345 2774 persona
1362 2705 1394 2758 de
1411 2707 1455 2758 illo

338 2788 385 2842 deo
411 2789 512 2842 dicitur.
553 2787 615 2840 Sola
634 2787 771 2840 traduntur
792 2788 847 2840 eius
870 2790 976 2841 oracula
996 2788 1163 2859 Delphicum,
1188 2790 1376 2859 Didymeum,
1399 2792 1456 2844 Gla-

336 2876 404 2927 rium
423 2890 572 2942 superesse,
594 2874 755 2941 rqunorum
773 2873 881 2925 deorum
898 2875 1013 2927 nullum:
1041 2874 1072 2926 de
1094 2876 1126 2928 iis
1149 2882 1238 2929 tamen
1259 2876 1370 2929 oraculis
1393 2878 1463 2930 solis'

337 2976 421 3012 sermo
441 2964 493 3024 est,
513 2974 578 3027 quae
596 2959 681 3010 verbis
698 2959 903 3028 respondebant,
921 2977 976 3013 non
994 2960 1025 3012 de
1042 2961 1087 3025 iis,
1106 2977 1172 3030 quae
1190 2964 1311 3027 somniis,
1334 2963 1456 3029 sortibus,

337 3046 421 3115 signis
439 3060 481 3096 res
499 3043 600 3096 futuras
619 3044 816 3112 significabant:
834 3044 899 3098 haee
917 3047 987 3099 enim
1005 3063 1087 3115 usque
1105 3047 1138 3098 ad
1150 3047 1325 3101 Theodosium
1335 3047 1456 3102 floruisse

336 3132 363 3182 in
375 3146 472 3183 comm.
486 3129 518 3181 de
529 3130 627 3181 noviss.
641 3146 722 3182 oracc.
736 3135 820 3205 aetate
839 3131 935 3200 (Berol.
951 3131 1027 3199 1854)
1046 3132 1230 3185 demonstrari.
1264 3134 1364 3187 Ibidem
1379 3151 1456 3203 argu·

336 3222 427 3269 menta
444 3216 621 3279 eontinentur,
640 3216 734 3284 quibus
752 3215 783 3268 de
800 3215 1026 3269 huiusce‘oraeuli
1043 3222 1160 3288 tempore
1176 3219 1283 3286 liqueat.
1318 3218 1385 3270 Nam
1397 3220 1457 3271 Del·

336 3300 444 3371 pbieum
462 3316 478 3351 a
495 3300 597 3353 Nerone
614 3317 697 3368 nsque
715 3300 748 3351 ad
761 3301 905 3353 Troianum
921 3300 1114 3354 Hadrianumre
1132 3302 1226 3354 silebat
1244 3302 1287 3370 (de
1306 3318 1387 3355 oraec.
1406 3308 1456 3356 aet.

336 3404 361 3456 p.
374 3386 415 3455 5),
440 3385 556 3438 Clarium
572 3386 655 3456 primo
674 3402 697 3439 a.
710 3384 769 3440 Chr.
783 3386 888 3438 saeculo
907 3387 942 3455 (p.
958 3385 1014 3453 11),
1038 3385 1211 3455 Didymaeum
1233 3386 1310 3438 modo
1333 3402 1349 3437 a
1366 3387 1456 3440 Xerxe

336 3471 448 3525 Darioue
466 3488 550 3540 usque
568 3471 600 3522 ad
617 3471 796 3523 Alexandrum
812 3472 848 3524 Μ.
867 3470 977 3538 (Soldan
989 3468 1077 3524 Ztsch.
1090 3470 1108 3524 f.
1121 3471 1172 3522 Ait.
1187 3469 1249 3522 1841
1263 3488 1288 3540 p.
1298 3470 1372 3538 570),
1391 3473 1455 3525 alias

337 3574 474 3627 nunquam
496 3557 539 3627 (de
557 3557 805 3627 oraeo.aet.p.10).
840 3555 895 3608 Sub
916 3555 1055 3607 Antoninis
1077 3556 1190 3625 plurima
1212 3557 1316 3608 oracula
1337 3574 1456 3609 renasce-

336 3644 444 3707 bantur,
461 3644 546 3695 multa
563 3643 642 3695 etiam
660 3643 709 3694 sub
721 3642 865 3706 Hadriano,
884 3640 989 3710 Sarapis
1001 3639 1092 3693 Dionis
1106 3640 1285 3709 Chrysostomi
1302 3647 1387 3695 aetate
1400 3659 1456 3695 rer·

338 3728 377 3781 bis
394 3728 600 3792 vaticinabatur,
621 3734 697 3780 antea
715 3728 825 3780 somniis
842 3732 952 3779 tantum.
987 3724 1077 3794 ltaque
1094 3726 1162 3778 inter
1178 3725 1309 3779 Neronem
1326 3734 1352 3779 et
1369 3728 1455 3780 Traia-

336 3830 401 3866 num
420 3815 556 3866 oraeulom
573 3813 652 3866 hoece
671 3814 768 3866 editum
786 3830 843 3865 esse
861 3812 1019 3881 colligimus.
1054 3811 1106 3863 Sed
1123 3828 1139 3862 a
1156 3829 1207 3881 quo
1226 3813 1267 3865 edi
1284 3814 1386 3883 potuit?
1415 3814 1455 3866 Ab

338 3900 459 3969 Apolline
477 3916 530 3951 non
548 3901 645 3969 potuit3
662 3916 696 3950 ne
715 3914 731 3949 a
748 3899 795 3951 deo
815 3898 919 3967 quidem
937 3896 1056 3961 omnin03
1077 3913 1111 3949 an
1129 3899 1213 3951 solum
1230 3899 1377 3969 Apollinem
1394 3905 1457 3953 tune

337 3984 476 4037 vaticinari
493 3984 557 4036 deus
575 3986 631 4054 ipse
646 3985 790 4037 vaticinans
806 3983 944 4053 proderet?
978 3981 1069 4051 Neque
1090 3989 1178 4037 tamen
1200 3983 1350 4051 Christiani,
1371 4003 1457 4055 neque

336 4067 487 4140 philosophi
504 4070 617 4139 vestigia
635 4071 732 4122 insunt.
758 4069 851 4121 Restat
867 4073 955 4132 vates,
973 4069 1045 4121 velut
1056 4069 1205 4122 Alexander
1221 4070 1330 4124 Lueiani
1346 4070 1456 4141 pseudo·

336 4155 448 4219 mantis,
471 4155 661 4207 Antoninorum
685 4155 814 4224 aequahs,
837 4154 881 4223 qui
904 4153 1063 4224 Βραγχιδέων
1087 4153 1196 4207 ἀδύτοισι
1218 4154 1322 4217 πελάζεο
1341 4156 1382 4207 καὶ
1399 4154 1457 4206 κλόε

337 4242 461 4310 χρησμῶν
485 4246 511 4292 et
533 4237 563 4301 εἰς
587 4238 683 4310 Κλάρον
704 4240 758 4290 ἵεσο
780 4243 835 4308 νῦν,
863 4237 958 4308 τούμοῦ
984 4239 1077 4311 πατρὸς
1104 4237 1138 4301 ὡς
1165 4237 1206 4291 ὄπ’
1230 4238 1335 4310 ἀκούσῃς
1359 4240 1457 4292 cecinet

338 4313 467 4396 (capiti)
490 4326 564 4378 etde
582 4327 699 4397 ipsorum
716 4326 820 4378 illorum
838 4326 918 4379 trium
937 4327 1101 4379 oraculorum
1118 4327 1258 4379 veracitate
1280 4325 1457 4393 interrogaba-

337 4417 380 4463 tur
397 4412 468 4481 (oap.
481 4410 535 4479 43).

406 4496 464 4548 Iam
477 4496 509 4548 ad
522 4497 683 4566 singularum
694 4514 781 4549 rerum
792 4497 1032 4569 interpretationem
1043 4504 1156 4549 transeo.
1174 4492 1315 4565 Θεμιτώδης
1327 4494 1392 4548 ahas
1403 4513 1457 4548 non

337 4582 443 4651 legitur.
463 4580 547 4649 βλόζω
565 4584 645 4635 etiam
661 4584 688 4635 in
706 4583 810 4638 oraculo
827 4600 869 4653 ap.
880 4583 959 4638 Paus.
971 4583 995 4635 5.
1008 4583 1031 4635 7.
1044 4583 1068 4636 3.
1094 4582 1187 4634 Omnia
1204 4582 1310 4634 oracula
1327 4598 1360 4634 ex
1373 4587 1457 4634 terrae
