3592 5400
546 504 644 548 curor
657 505 698 549 ιν.
720 504 763 547 ou
778 505 984 550 oaiouuoauu
998 506 1197 551 coercemus.
1385 486 1426 553 53

305 660 397 738 igitur
409 656 669 737 Schweighaeuser
681 654 846 742 γρηστίρια
862 661 950 719 vertit
969 679 1016 720 res
1036 662 1074 720 ad
1088 661 1166 721 vitae
1180 681 1265 722 usum
1279 664 1428 741 pertinen·
1495 680 1499 693 ¹

307 778 367 841 tes,
382 770 450 829 coll.
462 771 570 828 Athen.
583 773 612 829 4.
626 772 687 830 204
698 771 720 829 f.
736 778 766 829 et
779 772 856 831 Poll.
873 774 920 831 10.
937 773 984 830 11.

370 881 587 940 Incertissimns
598 882 746 958 Alyrius
758 889 804 940 est
814 902 862 958 ap.
874 882 954 941 Plut.
967 883 1002 941 de
1013 883 1122 960 Pythia
1136 884 1173 942 19
1185 902 1214 958 p.
1229 885 1328 943 403e:
1341 874 1428 941 Ἀλυ-

308 988 370 1075 ρίου
383 987 482 1049 τοίνυν
501 987 553 1049 καὶ
567 976 732 1074 ἸΙροδότοο
752 988 804 1050 καὶ
818 984 989 1076 Φιλοχόρου
1004 989 1055 1051 καὶ
1069 982 1198 1076 Ἴστρου,
1218 997 1279 1052 τῶν
1295 986 1428 1076 μάλιστα

306 1098 362 1172 ταὶς
381 1096 545 1186 ἐμμέτρους
565 1098 707 1186 μαντείας
725 1095 984 1186 φιλοτιμηθέντων
1005 1109 1202 1188 συναγαγεῖν,
1226 1095 1297 1162 ἄνευ
1319 1096 1428 1186 μίτρου

295 1207 679 1297 γρηομοὺςκγέγραφότων
700 1256 726 1270 ..
753 1214 813 1273 Ubi
835 1213 976 1273 Reiekius
997 1215 1238 1273 Andronicum
1261 1214 1428 1291 Alypium

307 1325 366 1382 dici
386 1324 516 1394 censuit,
535 1343 623 1401 quem
643 1324 838 1401 Hieronymus
858 1325 889 1381 in
909 1325 1000 1399 praef.
1022 1326 1059 1384 ad
1078 1325 1235 1384 Danielem
1257 1326 1428 1402 prophetam

308 1438 345 1495 de
359 1435 476 1514 regibus
491 1433 632 1511 Syrorum
645 1435 770 1511 aliisque
784 1435 901 1511 populis
916 1435 1073 1511 scripsisse
1088 1443 1117 1493 et
1136 1436 1174 1493 ad
1194 1444 1354 1495 extremam
1367 1435 1428 1495 Da·

308 1546 396 1604 nielis
411 1552 524 1622 partem
538 1553 617 1603 recte
628 1545 854 1622 intellegendam
864 1546 1065 1604 necessarium
1077 1564 1143 1605 esse
1154 1546 1204 1603 ait.
1228 1548 1268 1604 At
1278 1546 1349 1622 quid
1361 1544 1428 1623 Syri

307 1658 346 1715 ad
364 1657 483 1717 oracula
504 1655 638 1715 Graeca?
665 1656 699 1713 In
722 1674 768 1732 cp.
791 1656 829 1714 ad
844 1656 997 1732 Alypum
1018 1657 1164 1732 quendam
1177 1657 1372 1716 Philochorus
1392 1657 1429 1715 de

309 1767 505 1844 Scirophoriis
528 1767 700 1843 disputavit3
726 1774 757 1823 at
779 1785 816 1823 ne
838 1766 910 1823 illud
933 1766 1050 1842 quidem
1073 1774 1202 1837 constat,
1225 1786 1293 1825 num
1316 1768 1448 1844 Alypus·

308 1878 467 1956 quidquam
489 1877 648 1954 scripserit.
686 1874 815 1935 Omnino
837 1883 1001 1952 temporum
1022 1877 1110 1945 ratio,
1137 1894 1225 1951 quam
1250 1877 1281 1934 in
1307 1877 1429 1952 reliquis

310 1989 515 2047 enumerandis
528 1989 703 2047 Plutarchus
719 1994 836 2045 secutus
851 1995 911 2057 est,
927 1987 963 2044 ad
979 1986 1187 2064 logographum
1202 1987 1299 2064 potins
1314 1987 1430 2045 deducit

309 2100 459 2159 Herodoto
473 2099 683 2176 antiquiorem,
699 2099 781 2157 cuius
797 2117 902 2155 nomen
918 2098 1127 2156 restituendum
1143 2096 1211 2156 aliis
1226 2097 1368 2172 relinquo.

373 2210 441 2268 Duo
457 2230 524 2268 vero
538 2211 670 2268 homines
686 2209 856 2267 nominandi
871 2216 954 2280 sunt,
971 2209 1035 2283 qui,
1052 2226 1228 2284 quamquam
1239 2208 1357 2267 oracula
1371 2227 1429 2268 non

310 2323 341 2379 in
357 2340 480 2398 corpora
493 2321 673 2398 redegerint,
693 2321 785 2377 multa
805 2328 904 2378 tamen
919 2319 1133 2397 congesserint,
1154 2319 1266 2397 Phlego
1289 2327 1318 2376 et
1332 2319 1430 2377 Aelia

312 2451 377 2491 nus.
399 2432 486 2489 Phoc.
499 2430 570 2489 bibl.
584 2431 646 2488 coo.
667 2432 706 2489 οι
724 2451 753 2506 p.
768 2432 806 2489 sa
824 2430 845 2487 o
861 2431 900 2488 ιν
923 2430 1033 2488 aem:
1054 2421 1241 2513 Ἀνεμώσυη
1255 2414 1431 2514 ’Φλέγοντα

312 2536 517 2626 Τραλλιανοῦ,
533 2532 734 2623 ἀπελευθέρου
749 2543 805 2598 τοῦ
826 2533 1048 2622 αι’ντοκράτορος
1064 2523 1219 2622 Ἀδριανοῦ
1234 2531 1430 2622 Ὀλυμπιονι-

312 2658 372 2712 κῶν
387 2648 438 2711 καὶ
452 2656 594 2735 χρονικῶν
616 2645 785 2736 συναγωγή.
818 2643 998 2734 Ιίροσφωνεῒ
1010 2644 1046 2708 ro*
1067 2642 1225 2734 σύνταγμα
1244 2644 1316 2733 πρὸς
1330 2641 1430 2708 Ἀλαι-

311 2749 418 2843 βιάδην
432 2756 513 2832 τινά,
533 2756 565 2833 ὃς
579 2754 620 2833 εἷς
634 2751 671 2829 ἦν
685 2767 746 2821 τῶν
761 2762 800 2831 εἰς
814 2755 870 2826 τὸν
885 2755 1022 2843 φυλακὴν
1035 2753 1228 2844 τεταγμένων
1242 2763 1297 2818 τοῦ
1312 2744 1430 2842 Ἀδρια-

311 2879 370 2935 νοῦ.
404 2864 548 2957 ’Άρχεται
571 2858 604 2932 δὲ
625 2878 680 2943 τῆς
702 2877 878 2958 συναγωγῆς
899 2867 960 2931 ἀπὸ
981 2876 1037 2941 τῆς
1057 2866 1178 2955 πρώτης
1200 2854 1430 2954 ὀλυμπιάδος..

312 2980 398 3069 μέχρι
410 2989 473 3043 τῶν
487 2969 641 3067 Ἀδριανοῦ
656 2978 775 3067 γρθνων.
799 2984 880 3044 Suid.
896 3002 922 3043 s.
936 2984 1113 3062 Phlegonte:
1136 2972 1264 3067 ἔγραψεν
1284 2974 1432 3066 ὀλυμπιά-

312 3082 367 3166 δας
381 3095 412 3155 iv
428 3091 550 3173 βιβλίοις
565 3084 611 3169 ις’,
627 3095 691 3153 ἐστι
706 3079 740 3153 δὲ
755 3088 840 3179 με’γρι
854 3099 910 3164 τῆς
925 3082 989 3152 οαθ
1005 3078 1191 3177 ὀλυμπιάδος
1205 3088 1247 3151 τὰ
1260 3084 1432 3176 πραχθέντα

311 3210 482 3290 πανταχοῦ,
497 3206 518 3265 i.
531 3225 556 3264 e.
572 3226 664 3282 nsque
679 3207 715 3265 ad
730 3205 876 3265 Hadriani
891 3212 1023 3266 mortem.
1040 3199 1132 3283 (Idem
1147 3206 1256 3265 Euseb.
1274 3204 1317 3262 ait
1332 3204 1429 3261 chron.

312 3340 340 3396 p.
357 3320 416 3378 195
432 3318 477 3377 cd.
490 3312 572 3395 Mai.)
599 3317 789 3393 Vituperatur
808 3335 827 3374 a
845 3316 952 3375 Photio
968 3317 1008 3375 84
1025 3316 1119 3400 a39:
1142 3312 1162 3379 ἡ
1183 3308 1250 3396 περὶ
1270 3307 1340 3381 τοὺς
1360 3329 1432 3395 γρη-

313 3425 405 3513 σμοὺς
428 3420 550 3510 ἄκαιρος
573 3423 731 3511 φιλοπονία
749 3445 785 3484 τε
807 3421 859 3482 καὶ
880 3420 1042 3508 φιλοτιμία
1073 3426 1112 3483 84
1130 3425 1149 3481 b
1169 3426 1200 3481 l:
1228 3426 1371 3505 γρησμοῒς
1398 3406 1432 3480 δὲ
1531 3509 1535 3514 ¹

312 3535 463 3608 παντοίοις
474 3537 503 3608 ἐς
514 3532 680 3621 ὑπερβολήν
692 3536 755 3596 ἐστι
767 3529 954 3619 κεχρημένος.
969 3536 1025 3596 Vel
1036 3534 1177 3611 reliquiae
1189 3534 1251 3592 eius
1263 3552 1280 3590 a
1292 3532 1326 3592 (λ
1338 3532 1432 3592 Muel-

313 3653 375 3711 lero
395 3652 427 3709 in
446 3651 516 3709 hist.
530 3650 582 3709 Gr.
594 3651 638 3709 111
651 3669 681 3725 p.
696 3650 755 3707 603
769 3667 833 3724 sqq.
851 3647 992 3705 collectae
1011 3652 1041 3703 et
1060 3645 1206 3704 mirabilia
1224 3643 1350 3702 oracolis
1369 3661 1432 3701 sca·

314 3770 386 3821 tent.
403 3762 576 3820 Auctoribus
589 3779 676 3836 quum
687 3760 755 3819 aliis
766 3778 837 3817 usus
849 3765 895 3816 est
906 3765 967 3814 tum
977 3754 1173 3815 Dicaearcho:
1185 3756 1248 3833 ipse
1260 3753 1432 3831 saepissime

315 3893 335 3931 a
348 3872 499 3949 Stephano
510 3872 582 3947 Byz.
598 3871 785 3941 exscribitor‚
802 3888 890 3946 quem
903 3869 1042 3945 pleraque
1057 3867 1175 3926 oracula
1189 3885 1225 3925 ex
1239 3866 1302 3925 eius
1317 3865 1432 3924 chroni-

314 3984 357 4042 cis
372 3983 508 4042 hausisse
519 3982 685 4041 Meinekius
697 3990 805 4040 censet.
820 3980 879 4039 XV
888 3979 981 4039 libros
993 3979 1085 4038 luisse
1095 3979 1174 4036 idem
1185 3978 1220 4037 V.
1233 3978 1272 4039 D.
1289 3977 1430 4054 probavit.

377 4093 455 4152 Tum
471 4092 611 4152 Claudius
626 4092 800 4151 Aelianus
815 4090 1041 4161 Praenestinus,
1063 4090 1149 4149 Pont.
1162 4090 1240 4148 Max.
1257 4096 1286 4146 et
1301 4086 1433 4164 sophista

315 4197 434 4283 (Scin),
456 4202 592 4280 Septimii
612 4185 713 4262 Severi
732 4200 864 4279 aequalis
870 4245 880 4273 ,
901 4201 1044 4278 siqnidem
1063 4200 1283 4268 Philostratum
1294 4197 1431 4254 maiorem

314 4322 437 4374 noverat
457 4307 609 4393 (Philostr.
625 4314 676 4371 vit.
693 4314 777 4390 soph.
795 4314 822 4372 7.
841 4316 890 4372 31.
908 4303 955 4390 2),
978 4320 1010 4369 ut
1029 4312 1060 4369 in
1075 4331 1135 4370 var.
1151 4309 1307 4378 hist.II4,
1323 4307 1432 4365 11143.

315 4476 424 4514 marusa
441 4465 467 4512 et
479 4459 587 4525 cronio,
604 4459 684 4512 maris
702 4459 799 4511 mortui
816 4457 980 4522 nominibus,
998 4456 1040 4510 37.
1052 4456 1077 4509 2.
1090 4456 1121 4508 11
1139 4454 1171 4508 de
1189 4454 1283 4506 electro
1302 4468 1335 4506 ex
1349 4450 1433 4505 Phile·
1547 4509 1548 4512 ,

218 4593 231 4616 ,
315 4563 393 4599 mone
411 4544 494 4600 affert.
