3592 5400
811 598 854 659 59

346 803 508 886 οἷλλιίλους
538 807 598 889 μὲν
629 805 668 887 δὴ
700 808 883 891 συνεώρων·
915 804 1090 890 μηνοειδὴς
1120 810 1181 893 γὰρ
1206 806 1321 873 διὰτὸ

347 946 465 1032 χωρίον
488 951 510 1027 ἡ
533 944 624 1020 τάξις
647 940 688 1027 ἦν
711 947 744 1011 in
766 945 934 1034 parenthesi
958 946 1040 1013 dicta
1062 952 1168 1013 sunto:
1195 949 1322 1035 protasis

345 1108 421 1171 quae
442 1090 488 1151 osi
510 1083 699 1161 bimembris,
718 1086 763 1151 ita
781 1084 901 1171 quidem
923 1090 955 1151 vt
975 1092 1136 1173 utrumque
1157 1086 1321 1153 membrum

345 1247 449 1291 rursus
471 1223 551 1290 binis
574 1229 691 1291 constet
714 1224 864 1312 partibus,
886 1226 1004 1291 desinat
1028 1227 1060 1291 in
1080 1225 1183 1293 verba:
1210 1233 1230 1309 ἡ
1242 1226 1322 1292 σάλ-

345 1363 424 1439 πιγξ
461 1362 660 1449 ἐφθέγξατο·
692 1363 828 1430 ordiatur
858 1366 997 1453 spodosis
1036 1365 1072 1431 ab
1110 1367 1178 1449 ἅμα
1210 1393 1243 1432 τε
1275 1375 1320 1451 τῷ

345 1501 514 1587 Ἐνυαλίῳ
538 1529 568 1566 κ.
594 1529 624 1567 τ.
651 1508 677 1567 ἑ.
703 1527 798 1590 usquo
819 1503 856 1568 ad
882 1506 971 1570 finem
995 1505 1168 1571 sententiae.

767 1715 893 1781 XVIII.

387 1915 465 1983 Ibid.
498 1918 527 1981 3.
558 1922 588 1982 5.
621 1918 676 1980 καὶ
702 1915 869 2002 ἐπέγραψε
893 1921 988 1982 τότε
1013 1919 1112 1984 αὑτοῦ
1136 1922 1240 2002 ὄνομα
1264 1923 1319 1984 καί

342 2058 380 2121 τὸ
400 2054 585 2142 Προξένου,
602 2057 637 2131 ὃς
651 2057 710 2121 οῦν
730 2054 888 2143 Κλεάρχῳ
908 2056 1072 2122 ἀπέθανε·
1095 2056 1190 2133 ξένος
1205 2062 1266 2144 γὰρ
1279 2054 1320 2141 ἦν

343 2195 457 2260 αὐτοῦ.
483 2195 569 2268 Quae
590 2218 699 2261 nomen
721 2194 850 2261 Proxeni
874 2202 1050 2283 sequuntur,
1073 2197 1250 2284 glossatoris
1273 2202 1320 2281 (ut

341 2335 437 2402 multa
459 2335 586 2401 suntin
608 2340 674 2400 toto
696 2334 753 2400 hoo
778 2336 888 2422 capite)
913 2334 1046 2401 habenda
1070 2342 1142 2402 suni
1167 2336 1262 2413 verba,

788 2548 878 2615 XIX.

384 2749 461 2815 Ibid.
486 2752 504 2835 ᾧ
528 2755 557 2816 6.
581 2752 813 2824 κατοικοῦντος
836 2749 898 2834 ἤδη
923 2749 1022 2815 αὐτοῦ
1046 2750 1082 2816 ὲν
1106 2750 1309 2816 Σκιλλοῦντι

339 2891 429 2974 παρὰ
461 2893 521 2970 τὴν
553 2887 741 2972 Ὀλυμπίαν
766 2889 956 2974 οἷφικνεῒται
981 2916 1011 2953 κ.
1037 2916 1067 2954 τ.
1093 2894 1119 2954 ἒ.
1144 2889 1317 2978 Legebatur

338 3028 410 3093 oiim
442 3026 478 3092 ἐν
502 3026 704 3092 Σκιλλοῦντι
727 3029 789 3093 ῦπὸ
819 3033 885 3093 τῶν
910 3028 1184 3112 Λακεδαιμονίων
1209 3032 1316 3094 οίκιο-

338 3165 436 3232 θίντι
468 3170 557 3253 παρὰ
588 3172 649 3248 τὴν
680 3166 882 3250 Ὀλυμπίαν.
916 3175 1030 3255 praeter
1063 3170 1155 3254 ejecta
1190 3169 1314 3234 delenda

337 3307 425 3372 etiam
449 3313 521 3373 sunt
543 3309 633 3392 παρὰ
656 3310 716 3388 τὴν
740 3305 940 3390 Ὀλυμπίαν.

793 3519 865 3585 XX.

381 3730 457 3796 Ibid.
478 3736 507 3796 4.
528 3736 556 3797 6.
576 3732 615 3796 In
636 3730 733 3796 verbis
753 3733 823 3795 καὶ
845 3735 880 3796 τὸ
902 3729 1017 3796 λοιπὸν
1037 3732 1127 3814 ὑμῶν
1151 3732 1314 3814 ὑπηκόους

338 3863 452 3935 εἶναι
483 3876 630 3945 τοιίτους.
664 3870 721 3936 Vel
744 3871 802 3936 hoo
825 3863 941 3936 εἶναι
964 3872 997 3935 in
1020 3870 1143 3956 ἔχειν
1168 3869 1214 3935 vol
1236 3869 1313 3934 illud

336 4012 407 4075 καὶ
431 4012 463 4076 in
486 4011 567 4075 ὥστε
591 4011 777 4078 mutandum.

780 4221 869 4288 XXI

375 4435 453 4500 Ibid.
485 4441 504 4499 8
536 4440 565 4500 3.
595 4432 741 4517 ὁμολογῶ
773 4438 828 4499 καί
861 4439 926 4500 τῶν
962 4439 1047 4499 ὄνων
1078 4436 1303 4521 ὑβριστότερος
