3592 5400
616 500 712 544 csrur
728 501 756 542 v.
778 501 821 543 ou
836 501 1041 545 ontcuoouuu
1055 502 1175 545 urrais.
1416 484 1455 545 77

337 653 427 711 vertit
439 652 617 713 Tertullian.
632 653 698 712 adv.
710 661 771 712 nat.
784 657 811 713 1.
824 656 860 713 4ι
878 655 1022 730 „Pythius
1037 696 1045 712 .
1058 696 1066 710 .
1078 654 1203 713 virorum
1218 654 1314 730 inquit
1329 657 1456 714 omnium

338 761 477 822 Socrates
488 760 755 839 sapientissimus.“
772 763 819 822 Ne
830 765 886 821 bac
896 764 1014 839 quidem
1024 782 1057 821 re
1068 765 1196 822 contenti
1208 764 1260 822 alii
1272 765 1360 822 etiam
1372 784 1456 840 pras-

336 873 481 932 miserunt
498 891 614 931 versum
634 873 804 950 pessimum.
833 871 931 947 Schol.
952 874 1102 950 Aristoph.
1124 877 1192 933 nub.
1213 875 1287 933 144:
1311 857 1408 956 δήμου
1424 858 1453 932 δ’

336 970 374 1047 ἦν
394 981 411 1038 ὁ
427 974 585 1065 Χαιρεφῶν
605 975 761 1064 Σφήττιος.
790 975 899 1059 Τούτῳ
919 979 970 1041 καὶ
989 982 1008 1049 η
1025 976 1125 1041 Πυθία
1144 967 1232 1042 δοκεῖ
1245 978 1299 1041 τὰν
1317 979 1384 1065 περὶ
1401 986 1456 1041 τοῦ

337 1084 519 1174 Σωκράτους
532 1087 664 1175 μρησμόν
680 1092 784 1150 εἰπεῖν·

543 1210 619 1279 σορὸς
637 1210 780 1280 Σοφοκλῆς,
799 1211 939 1282 σοφώτερος
957 1211 1101 1282 Εὐριπίδης,

543 1293 638 1366 ἀνδρῶν
657 1295 683 1346 δὲ
702 1293 799 1346 πάντων
818 1293 951 1366 Σωκράτης
969 1296 1120 1364 σοφώτατος.

337 1415 456 1479 Τοῦτον
472 1406 533 1505 (τὸν
547 1409 687 1508 γρησμὸν)
703 1413 902 1492 Ἀπολλώνιος
916 1421 932 1478 ὀ
945 1414 1080 1480 Mller*
1094 1421 1125 1480 ἐν
1136 1426 1180 1499 τῷ
1192 1417 1274 1480 κατά
1288 1416 1457 1505 ριλοσόρων

338 1522 481 1612 ἐψεῦσθαί
493 1545 575 1613 pror·
585 1525 655 1599 τοὺς
666 1526 723 1615 γάρ
731 1523 881 1601 Πυθικοὺς
891 1527 1039 1615 χρησμοὺς
1050 1518 1228 1616 ἑξαμέτρους
1240 1512 1323 1590 εἶναι.
1337 1533 1457 1592 Utrum·

338 1661 395 1716 que
410 1659 526 1699 versum
542 1641 629 1698 etiam
644 1642 735 1700 schol.
751 1643 829 1700 Plat.
845 1643 922 1719 apol.
940 1644 990 1701 97.
1008 1645 1026 1703 6
1041 1663 1071 1720 p.
1085 1645 1144 1702 331
1157 1643 1251 1702 Bekk.
1268 1651 1297 1701 et
1309 1641 1416 1702 Suidas
1431 1663 1455 1702 s.

338 1745 430 1833 σορός
443 1753 599 1827 praebent;
621 1751 767 1828 siguificat
782 1749 927 1830 Origenes
942 1760 1043 1810 contra
1058 1750 1177 1810 Celsum
1194 1754 1222 1810 7.
1240 1754 1273 1810 G:
1295 1752 1320 1809 εἰ
1334 1747 1391 1835 γάρ
1407 1750 1457 1809 ἀν·

338 1845 416 1943 δρῶν
437 1852 579 1917 ἁπάντων
594 1853 759 1943 Σωκράτην
779 1853 844 1919 εἷπε
861 1854 1006 1940 (daemon)
1023 1855 1200 1942 σοφώτατον
1217 1853 1305 1936 εἶναι,
1324 1857 1457 1945 ἤμβλυνε

337 1964 391 2029 τὸν
406 1971 527 2028 ἔπαινον
542 1968 635 2028 αὐτοῦ
651 1968 681 2028 ἐν
696 1975 740 2047 τῷ
756 1966 845 2054 σορὸς
860 1964 894 2028 Σ.
908 1990 933 2029 o.
944 1963 1014 2053 Εὐρ.

875 2169 922 2225 13.

401 2301 578 2378 Diogeninn.
593 2321 673 2378 prov.
691 2303 719 2360 8.
735 2305 787 2360 ll:
810 2293 1020 2378 ΣὺνἈθηνᾷ
1041 2297 1101 2358 καὶ
1119 2307 1244 2385 χεῖρας
1265 2297 1363 2360 κίνει
1386 2319 1457 2385 γρη-

337 2405 414 2494 opor
429 2429 474 2479 τις
489 2407 594 2487 ἔλαβε·

573 2515 629 2585 τὴν
643 2525 728 2603 χεῖρα
742 2514 946 2603 προσφέροντα
960 2515 1013 2578 τὸν
1029 2513 1096 2578 θεὸν
1111 2519 1223 2578 καλεῖν.

337 2631 511 2690 Accuratius
526 2650 592 2688 vero
608 2631 752 2688 Zenobius
767 2650 845 2707 prov.
864 2631 892 2688 5.
910 2631 965 2688 93:
985 2625 1080 2713 ἕτεροι
1102 2614 1134 2689 δέ
1150 2647 1250 2712 φασιν,
1271 2626 1318 2688 ὅτι
1338 2625 1457 2715 μέλλων

337 2763 384 2813 τις
399 2732 601 2826 ἀγωνίσασθαι
616 2736 748 2824 χρησμὸν
762 2734 844 2823 παρὰ
857 2745 912 2810 τῆς
923 2732 1049 2810 Ἀθηνᾶς
1068 2739 1204 2824 εἴληφεν,
1226 2736 1282 2799 ὅτι
1302 2737 1457 2808 νικήσει·

338 2845 498 2920 ἐνστάντος
513 2834 546 2908 δὲ
559 2854 615 2907 τοῦ
630 2848 745 2935 ἀγῶνος
760 2843 901 2908 εἰσελθὼν
922 2850 961 2920 εἰς
979 2846 1016 2908 τὸ
1038 2842 1162 2934 θέατρον
1182 2848 1233 2908 καὶ
1253 2845 1338 2909 κάτω
1357 2846 1457 2929 βαλὼν

298 3023 301 3028 ,
337 2958 394 3031 τάς
408 2966 508 3043 χεῖρας
523 2955 665 3032 εἱστήκει,
681 2954 735 3030 ἕως
749 2955 935 3043 τυπτόμενος
946 2955 1003 3017 ὑπὸ
1018 2964 1073 3018 τοῦ
1086 2958 1311 3043 άνταγωνιστοῦ
1327 2955 1455 3029 ἐνικήθη.

338 3071 494 3130 Praecedit
509 3071 568 3127 alia
583 3070 712 3129 eiusdem
726 3071 871 3129 lemmatis
888 3066 940 3128 σὺν
955 3062 1017 3129 Ἀθ.
1034 3067 1085 3128 καὶ
1098 3077 1185 3155 χεῖρα
1199 3068 1270 3130 κίνει
1293 3074 1456 3150 explicatio,

338 3182 480 3259 apologus
500 3180 601 3239 Babrii
623 3181 677 3251 20,
697 3182 805 3258 Aesopi
823 3184 861 3241 81
883 3174 1031 3258 (Halm),
1057 3200 1144 3256 quem
1167 3180 1273 3242 Suidas
1293 3201 1408 3257 quoque
1427 3183 1457 3239 11

340 3293 413 3351 958.
428 3292 444 3348 7
460 3291 495 3349 Β.
517 3292 571 3348 sub
590 3291 726 3349 lemmate
745 3286 801 3355 τὴν
821 3295 906 3373 χεῖρα
925 3307 1032 3373 προσρ.
1056 3285 1110 3348 τὸν
1133 3283 1200 3348 θεὸν
1222 3288 1326 3348 καλεῖν
1347 3299 1473 3370 narrat„

338 3402 447 3461 Veram
467 3400 612 3477 proverbii
631 3400 753 3458 formam
769 3395 820 3457 σὺν
836 3391 879 3457 Ἀ.
892 3418 920 3458 κ.
932 3417 961 3481 χ.
977 3394 1049 3455 κίνει
1068 3400 1132 3476 ipse
1148 3398 1253 3459 Suidas
1273 3408 1406 3470 noverat,
1427 3408 1457 3457 et

340 3510 524 3580 sententiam,
537 3511 669 3585 quamvis
681 3530 740 3568 non
753 3510 904 3587 originem,
917 3507 1050 3584 exposuit
1061 3509 1167 3567 11958.
1178 3509 1272 3565 7item
1285 3518 1318 3566 ut
1327 3510 1455 3585 Hesych.

339 3622 371 3680 Π
392 3621 470 3678 1299
491 3620 558 3678 Alb.
577 3593 609 3677 ¹et
628 3621 765 3677 Eustath.
781 3620 817 3677 ad
838 3619 874 3676 Il.
893 3621 922 3676 4.
942 3618 1017 3687 949ς
1043 3618 1136 3675 forma
1155 3618 1280 3677 iambica
1301 3621 1338 3677 ab
1358 3619 1456 3695 aliquo

339 3730 528 3806 apologorum
543 3730 683 3805 scriptore
698 3729 811 3786 videtur
826 3729 976 3787 elaborata
990 3746 1065 3786 esse.
1087 3727 1287 3804 Diogenianus
1302 3748 1349 3787 res
1363 3728 1456 3786 diver·

340 3858 390 3898 sas
405 3838 542 3897 confudit.
565 3838 612 3897 Ne
627 3839 693 3913 quis
708 3839 859 3915 Euripidis
874 3838 1037 3896 trimetrum
1052 3857 1118 3897 esse
1133 3847 1265 3909 censeat,
1281 3839 1351 3915 quia
1362 3840 1456 3899 Zeno·

338 3949 405 4006 bius
421 3956 539 4007 narrato
554 3949 676 4025 apologo
692 3948 823 4006 adiiciat:
840 3942 988 4031 μέμνηται
1002 3941 1115 4017 ταύτης
1129 3952 1184 4017 τῆς
1197 3944 1355 4032 παροιμίας
1368 3942 1456 4032 Εὐρι-

338 4042 440 4131 πίδης,
456 4066 537 4115 curat
548 4059 638 4117 schol.
651 4058 687 4138 ad
699 4060 789 4117 verba
802 4058 838 4116 11.
856 4061 884 4116 4.
900 4058 975 4116 249:
990 4045 1009 4123 ἦ
1023 4052 1127 4141 μένετε
1139 4051 1245 4141 Τρῶας
1256 4043 1362 4141 σχεδὸν
1373 4051 1456 4117 ἐλθέ-

409 4255 421 4277 ⁴'
443 4254 646 4319 Alabandensis,
670 4252 787 4323 sophista
810 4261 836 4305 et
858 4252 957 4318 rhetor,
980 4272 1059 4323 quem
1077 4254 1165 4308 Cicero
1187 4272 1212 4309 a.
1225 4254 1258 4306 88
1275 4254 1373 4306 Romae
1391 4254 1455 4323 (Cic.

338 4338 413 4392 Brut.
427 4355 486 4408 cap.
497 4338 530 4391 89
540 4339 631 4408 exto),
650 4356 674 4391 a.
684 4338 717 4390 78
734 4339 761 4389 iu
769 4336 861 4390 Rhodo
879 4340 966 4392 insula
983 4339 1057 4408 (ibid.
1068 4340 1098 4391 91
1118 4342 1196 4408 extr.)
1214 4338 1343 4390 audiebat.
1371 4337 1455 4389 Etiam

338 4423 480 4475 Caesarem
496 4423 610 4475 instituit
626 4424 705 4492 (Plut.
716 4422 790 4477 Caes.
803 4422 828 4478 3.
848 4423 955 4477 Sueton.
969 4424 1040 4478 Caes.
1051 4424 1088 4493 4).
1116 4423 1193 4475 Plura
1210 4423 1241 4473 de
1259 4438 1289 4472 eo
1308 4419 1337 4474 Ο.
1347 4421 1456 4474 Mueller

337 4509 366 4559 in
384 4507 417 4561 fr.
430 4506 490 4561 hist.
505 4506 549 4559 Gr.
561 4506 597 4559 III
608 4524 633 4575 p.
645 4506 694 4559 208
706 4512 761 4561 not.
