3592 5400
409 507 470 572 126
897 527 988 572 mann
1008 529 1029 572 r

534 677 593 740 ἀπὸ
609 685 667 740 σῶν
682 680 765 765 ἱερῶν
781 675 908 765 ματέρος
919 679 1029 766 ἀγνᾶςι

441 794 491 852 50.
535 784 707 875 προθορὼνῖ
721 797 864 851 τοκετῶν.

450 893 509 974 Οἷς
523 895 666 986 ἐπιλέγει·
682 894 762 960 Ἀλλ’
778 898 830 961 ὅτε
844 895 963 961 Λατὼ3

534 997 604 1081 ὠδὶς
618 1007 681 1094 ἱεροὶ
695 998 821 1082 λάζετο
836 1007 973 1086 adeunt

535 1115 755 1206 ὀροθονοριένων
771 1108 904 1207 διδύμων
918 1126 1053 1181 τοκετῶν

533 1217 657 1303 ἔνδοθι5
673 1237 787 1308 σηκῶν,
803 1229 909 1292 ἵστατο
926 1227 978 1317 ρὲν
992 1227 1066 1317 γᾶθ,

532 1339 639 1402 ἵστατο
656 1327 681 1400 δ’
693 1338 762 1426 ἀήρ,
777 1337 915 1427 πάγνυτο
930 1337 1044 1415 stood,

481 1498 488 1515 .
532 1447 668 1538 otporo
684 1457 780 1538 κῦμα·

532 1559 590 1622 ἀντὶ
606 1548 630 1622 δ’
642 1550 774 1648 ἐξέθορες
789 1556 878 1648 μάντι
893 1556 1057 1647 Λυκωρεῦ,

512 1757 515 1764 Ι
531 1660 662 1743 τοξότα8
676 1667 787 1752 Φοῖβε,

532 1779 613 1842 κατὰ
627 1777 861 1868 χρησμολάλων,
878 1780 1016 1862 βασιλεῦ,
1031 1767 1207 1866 τριπόδων.9

473 1999 482 2033 ¹
502 1995 575 2068 ἁγνῆς
586 1997 651 2050 BOF
654 1998 685 2053 G.

463 2078 483 2117 '²
501 2082 623 2153 apobopbr
635 2083 711 2136 BOD.
730 2082 750 2134 0
764 2068 809 2152 qni
820 2089 850 2136 ut
861 2098 960 2152 magna
971 2083 1122 2135 mortalium
1132 2083 1254 2152 uoluptas
1266 2082 1408 2139 exsiluisti.

472 2163 482 2201 ⁸
501 2169 586 2236 Vulgo
603 2173 753 2220 tetrameter
769 2164 825 2217 ἀλλ’
838 2198 872 2206 -
884 2163 936 2237 ἱερά
952 2167 1073 2219 scribitur
1091 2172 1117 2219 et
1134 2168 1172 2219 sic
1186 2184 1264 2236 porro
1280 2169 1427 2221 tetrametri
1441 2185 1522 2240 nsque

403 2251 436 2305 ad
448 2253 572 2321 Λυκωριῦ,
591 2252 648 2320 Ego
661 2253 735 2303 aliter
748 2252 867 2315 distinxi,
880 2256 911 2303 ut
921 2251 1018 2303 finibus
1030 2268 1154 2304 versuum
1165 2250 1251 2304 hiatus
1264 2258 1290 2304 et
1301 2253 1421 2322 syllabae
1432 2254 1521 2306 breves

402 2337 456 2390 arsi
466 2337 607 2406 productae
620 2341 790 2389 excusentur:
809 2335 895 2402 Λατώ,
913 2336 1005 2403 πᾶσαν,
1023 2338 1068 2405 γᾶ,
1085 2336 1172 2404 Φοῖβε.
1194 2337 1270 2406 Apud
1282 2339 1406 2407 antiquos
1419 2339 1522 2409 quidem

402 2428 494 2492 poetas
506 2422 649 2475 tetrametri
661 2421 820 2490 anapaestici
830 2420 984 2490 plerumque
997 2426 1023 2473 et
1033 2420 1108 2473 hiatu
1120 2426 1146 2473 et
1157 2422 1216 2490 syll.
1225 2437 1283 2476 ano.
1292 2423 1369 2476 liberi
1377 2440 1431 2477 uno
1441 2429 1521 2493 systo-

401 2512 472 2558 mate
490 2506 624 2559 decnrrore
642 2507 734 2559 solent.
764 2505 815 2558 Sed
831 2505 938 2557 licentia
954 2506 1052 2558 novitio
1070 2511 1163 2576 poetae
1181 2507 1354 2576 permittenda
1372 2513 1426 2573 est,
1444 2509 1521 2578 digno

400 2591 491 2657 laude,
513 2591 582 2660 quod
603 2591 732 2643 diaereses
754 2591 892 2660 diligenter
913 2591 1061 2644 servaverit.
1092 2589 1150 2642 Non
1171 2591 1272 2660 magis,
1294 2607 1375 2660 quam
1395 2593 1429 2645 ad
1450 2594 1520 2662 leges

400 2677 535 2743 metricas,
554 2676 586 2729 ad
598 2676 708 2731 Doricae
725 2675 827 2729 dialecti
838 2691 957 2729 normam
970 2675 1059 2728 omnia
1068 2673 1186 2745 redigere
1201 2675 1229 2729 in
1245 2676 1395 2731 istiusmodi
1408 2679 1520 2731 carmine

401 2763 481 2815 volui.
504 2762 630 2815 Videlicet
641 2762 747 2814 miscuit
759 2767 849 2814 auctor
867 2762 1004 2825 dialectos,
1023 2766 1049 2813 et
1060 2762 1183 2813 Doricam
1200 2761 1305 2832 quidem
1322 2769 1416 2816 contra
1432 2780 1520 2817 oracu-

401 2846 486 2899 lorum
497 2863 598 2899 morem
609 2846 667 2898 idoo
680 2846 826 2911 arcessivit,
839 2845 909 2916 qnod
920 2846 1013 2915 Apollo
1026 2845 1115 2898 Delius
1129 2852 1207 2900 esset.

367 2971 370 2977 .
469 2930 481 2962 ⁴
500 2929 579 2984 codd.
593 2927 705 2998 λάζοιτο,
722 2929 774 2981 nisi
790 2930 859 2998 qnod
870 2930 902 2985 H.
914 2928 1031 2991 λάζοιτοι.
1056 2929 1131 2993 Quod
1142 2931 1246 3000 scripsi,
1264 2948 1318 2985 uon
1329 2939 1415 2987 metro
1427 2934 1519 2998 solum,

400 3014 448 3067 sed
457 3014 535 3067 etiam
544 3014 673 3068 sententia
681 3014 842 3083 postulatur,
853 3013 915 3084 quia
924 3016 1054 3085 optativus
1062 3032 1118 3068 rem
1128 3016 1233 3086 saepius
1242 3016 1340 3070 factam
1350 3019 1518 3088 significaret

401 3099 469 3152 Tum
478 3100 549 3167 vulg.
561 3100 634 3150 πᾶσα.
653 3099 705 3152 Sed
718 3099 779 3167 quid
792 3099 842 3151 sibi
853 3100 910 3152 vult
921 3101 1006 3152 omnis
1016 3100 1105 3153 dolor?
1123 3101 1206 3154 immo
1216 3106 1300 3155 totam
1307 3102 1440 3158 Latonam
1448 3120 1519 3157 sacer

402 3183 475 3236 dolor
487 3184 621 3253 corripuit,
639 3201 720 3258 quum
738 3184 859 3253 geminus
877 3184 967 3239 foetus,
982 3186 1050 3237 intra
1068 3191 1183 3251 uterum,
1200 3187 1277 3256 quasi
1291 3190 1518 3263 sanctum'templi

400 3269 520 3339 adytum,
532 3269 633 3321 moveri
642 3274 749 3340 coeptus
761 3274 839 3323 esset.

469 3354 480 3387 ⁵
498 3350 593 3405 ἔνδοθεν
606 3353 694 3423 Steph.
706 3348 818 3424 Vigerns
831 3373 870 3424 γρ.
883 3349 970 3409 ἔνδοθι.
1067 3362 1071 3370 ’

467 3440 479 3474 ⁶
497 3437 530 3508 γὰ
541 3436 576 3503 Β,
588 3442 620 3508 γῆ
633 3438 711 3505 GFG,
724 3442 784 3509 γαῖα
796 3440 865 3505 rell.;
880 3438 963 3493 Gaisi.
977 3440 1044 3493 coni
1053 3440 1113 3510 γαῖ’.
1125 3440 1184 3511 vig.
1200 3458 1255 3511 nl?-
1265 3441 1300 3510 γᾶ
1309 3448 1390 3496 recte.
1407 3444 1448 3499 Al.
1461 3446 1515 3514 γῆ.“

467 3524 478 3559 7
496 3528 568 3590 νῆσος
579 3523 644 3577 ΒΟΕ
647 3524 678 3579 G.
1151 3594 1153 3597 Α

468 3609 479 3643 ⁸
496 3610 582 3678 Vulgo
594 3609 684 3669 τοξότα
696 3627 730 3664 τε.
750 3609 807 3663 0111.
819 3626 845 3660 τε
858 3608 940 3663 Gaisl‘.
953 3626 1014 3662 cnm
1024 3610 1100 3664 ΑΗΟ.

467 3692 478 3727 ⁹
496 3693 633 3747 Exsiluisti
645 3694 678 3746 ad
688 3695 802 3765 tripodes
814 3695 943 3748 fatidicos.
957 3727 990 3735 -
1006 3695 1117 3764 Saepius
1129 3693 1165 3748 dii
1176 3694 1345 3765 perhibentur
1357 3697 1410 3767 ipsi
1420 3699 1515 3752 formu·

398 3779 437 3831 las
450 3785 476 3831 et
487 3794 576 3848 preces
592 3780 762 3848 perscribere,
781 3784 811 3832 ut
826 3780 854 3832 in
866 3780 945 3832 inser.
956 3780 1003 3831 illa
1015 3779 1094 3845 5772,
1113 3797 1193 3849 quam
1210 3797 1289 3849 snpra
1305 3784 1514 3846 commemoravi,

398 3868 501 3931 reperta
512 3864 539 3915 in
551 3870 653 3916 vetusto
661 3880 778 3933 magnae
791 3864 916 3917 Graeciae
928 3866 1046 3934 sepulcro
1059 3871 1085 3917 et
1097 3867 1194 3935 scripta
1204 3866 1232 3918 in
1240 3866 1340 3919 lamina
1348 3882 1442 3932 aurea,
1454 3868 1515 3921 deus

398 3948 494 4015 aliquis
511 3950 590 3999 verba
610 3948 744 4017 patefecit,
766 3965 833 4018 quae
854 3950 887 4002 ad
907 3950 1041 4002 custodem
1057 3950 1201 4003 Memoriae
1220 3949 1301 4003 fontis
1323 3968 1359 4003 ax
1374 3952 1516 4022 Trophonii

399 4030 478 4099 adyto
490 4033 623 4084 manantis
636 4032 724 4099 (Paus.
738 4033 761 4085 9.
774 4033 816 4087 39.
829 4034 857 4103 4)
870 4040 959 4087 esseut
970 4034 1087 4089 dicenda.
1104 4034 1177 4087 qura
1188 4052 1222 4087 ex
1233 4051 1323 4103 praep.
1332 4052 1375 4089 er.
1383 4036 1409 4090 5.
1419 4037 1437 4089 8
1449 4038 1515 4090 eius·

398 4115 458 4169 dem
470 4115 597 4184 Apollinis
609 4132 737 4185 paeanem
749 4117 836 4181 edam,
855 4124 881 4171 et
896 4120 985 4188 ipsum
997 4120 1145 4188 anapaestis
1157 4119 1341 4188 compositum.
1355 4152 1390 4161 -
1401 4122 1514 4175 Huiusce

398 4207 485 4254 autem
497 4200 590 4270 hymni
600 4201 704 4254 initium
717 4201 750 4254 ad
763 4203 860 4254 oraculi
871 4203 990 4272 Delphici
1002 4220 1017 4255 a
1029 4204 1106 4259 Paus.
1120 4204 1144 4256 2.
1157 4204 1198 4259 26.
1211 4204 1226 4256 6
1243 4204 1444 4259 similitudinem
1456 4224 1514 4259 con·

396 4286 488 4339 fictum
501 4292 551 4339 est:

600 4364 622 4423 ὦ
635 4370 699 4442 μέγα
710 4367 796 4441 χάρμα
809 4370 906 4440 βροτοῖς
919 4370 1037 4440 βλαστὼν
1047 4370 1178 4439 Ἀσκληπιὲ
1190 4374 1275 4442 πᾶσιν,

598 4453 626 4509 δν
639 4455 760 4525 Φλεγεηὶς
772 4451 861 4507 ἔτικτεν
874 4493 899 4508 ..

396 4538 487 4593 Plures
498 4539 601 4594 flosculi
613 4558 647 4594 ex
658 4542 735 4595 llom.
747 4538 837 4611 hymn.
850 4540 884 4595 ad
894 4542 979 4613 Apoll.
1001 4541 1057 4598 Del.
1071 4542 1184 4598 desumti
1198 4554 1276 4608 sunt,
1291 4543 1339 4596 ubi
1350 4560 1376 4599 v.
1386 4544 1433 4599 aa:
1451 4543 1478 4598 σὲ
1490 4584 1511 4595 ..
