3592 5400
406 605 447 667 32
838 621 947 666 nourr.

408 813 456 879 hic
476 813 507 878 id
532 835 645 900 semper
664 813 740 900 egit,
760 819 795 878 ut
815 834 1005 900 summopere
1023 811 1158 878 laudaret
1177 813 1387 891 Aristotelem,

407 976 533 1038 eumque
555 950 591 1017 ab
613 953 805 1017 inimicorum
827 951 1005 1017 criminibus
1025 951 1202 1017 defenderet.
1221 951 1283 1017 cfr.
1296 953 1388 1018 Stahr

407 1092 425 1157 l.
460 1115 485 1157 c.
525 1091 612 1164 Quae
651 1090 723 1156 huic
762 1093 893 1156 virorum
928 1090 1115 1155 eruditorum
1150 1092 1317 1155 sententiae
1351 1091 1387 1156 de

407 1231 591 1296 Aristoxeno
611 1237 641 1296 et
660 1229 813 1294 Aristocle
834 1251 999 1317 repugnare
1018 1228 1172 1308 videntur,
1192 1230 1343 1316 reotcjam
1356 1235 1386 1295 et

407 1369 457 1434 alii
481 1369 669 1457 explicarunt
691 1375 721 1434 et
740 1368 799 1434 Ad.
818 1367 908 1433 Stahr
927 1367 946 1433 l.
966 1390 990 1433 c.
1011 1391 1098 1454 quem
1120 1368 1285 1433 describere
1306 1369 1384 1434 nolo.

451 1625 523 1712 Peg.
548 1628 577 1689 3.
601 1624 669 1689 Lin.
694 1629 722 1690 9.
746 1623 814 1689 MS.
837 1622 926 1688 habet
953 1620 1189 1707 ἠκολούθησεν.
1206 1670 1214 1685 .
1232 1670 1239 1685 .
1256 1621 1383 1709 .μέχρι.

406 1763 521 1830 Addidi
546 1761 642 1827 ditet.

451 2017 529 2083 Ibid.
553 2018 622 2082 Lin.
648 2022 697 2084 10.
720 2018 789 2080 Kal
811 2018 861 2080 ὅτι
882 2013 1027 2080 Πλάτων
1047 2017 1108 2098 μὲν
1127 2012 1249 2101 ἐτέχθη
1266 2041 1297 2079 κ.
1312 2041 1343 2080 τ.
1357 2019 1383 2079 ἑ.

405 2156 549 2242 Pleraque
579 2155 802 2242 Chronologica
832 2156 999 2220 rectissime
1028 2161 1130 2221 noster
1160 2163 1309 2222 recenset:
1332 2156 1385 2222 sed

407 2320 423 2360 a
454 2303 548 2361 morte
577 2294 714 2360 Platonis
737 2293 905 2382 Theophilo
928 2294 1071 2361 archonte
1093 2298 1161 2384 {ff}
1183 2320 1209 2360 a.
1233 2295 1267 2361 O.
1290 2319 1385 2382 usque

407 2434 444 2498 ad
468 2440 593 2498 mortem
616 2433 790 2499 Aristotelis
813 2431 950 2498 Philocle
973 2432 1114 2498 archonte
1137 2438 1204 2521 {352}
1227 2457 1251 2498 a.
1268 2433 1305 2499 O.
1324 2458 1386 2500 non

405 2577 477 2637 sunt
508 2573 580 2637 anni
611 2572 736 2638 XXIII.
767 2571 819 2636 sed
851 2570 973 2636 XXVI.
1005 2571 1081 2637 Οἴη.
1112 2571 1266 2637 Olintonis
1301 2573 1386 2638 Fasti

406 2711 557 2777 Hellenici
588 2713 619 2776 in
652 2712 814 2800 appendice
844 2735 871 2799 p.
896 2714 970 2777 378.
995 2712 1030 2797 ¹).
1058 2711 1154 2790 Tum,
1178 2712 1271 2798 (quod
1295 2714 1385 2779 etiam

404 2852 483 2940 apud
514 2851 588 2917 alios
622 2850 803 2939 biographos
834 2851 991 2938 reperitur)
1024 2873 1176 2939 perperam
1204 2852 1386 2918 Aristoteles

406 3048 623 3055 ————-—---

444 3166 464 3230 ¹)
482 3164 509 3213 Si
524 3163 574 3227 jam
592 3166 641 3213 tres
658 3162 710 3213 illos
725 3179 812 3223 annos,
827 3162 927 3229 quibus,
943 3165 971 3213 ut
984 3162 1110 3229 biographi
1124 3162 1276 3223 fabulantur,
1291 3164 1384 3215 Aristo·

404 3282 462 3333 teles
486 3285 591 3332 moratus
615 3284 650 3331 est
668 3297 721 3331 cum
738 3283 847 3341 Socrate,
866 3281 936 3330 addas
952 3280 1020 3330 annis
1038 3280 1142 3339 XXIII,
1162 3280 1280 3345 quibust
1303 3283 1384 3349 Ἀρι-

405 3391 532 3465 στοτὲλῄς
555 3400 668 3465 ἐπέζησε
692 3397 835 3459 Πλάτωνι,
859 3412 975 3447 annorum
998 3396 1082 3447 seriem
1099 3397 1216 3447 obtinebis
1233 3398 1336 3457 LXIII,
1356 3399 1385 3449 de

406 3518 491 3584 quibus
514 3517 620 3568 omnium
643 3520 679 3567 est
702 3533 836 3568 consensus.
855 3544 888 3555 -
907 3517 941 3565 Ut
958 3531 995 3566 res
1013 3514 1087 3582 probe
1103 3514 1262 3580 intelligatur,
1282 3516 1329 3566 hoc
1348 3519 1382 3566 te·

367 3678 369 3684 ,
407 3636 523 3697 nendum,
549 3632 699 3683 Aristotelem
718 3633 754 3683 bis
772 3635 942 3684 commoratum
960 3632 1031 3682 fuisse
1049 3632 1158 3682 Athenis.
1176 3633 1254 3681 Natus
1270 3633 1384 3683 archonte

408 3753 536 3818 Dlotrephe
559 3751 706 3818 Olympiadis
730 3752 891 3802 LXXXXIX.
915 3767 977 3801 anno
1002 3752 1038 3800 1⁰.
1060 3749 1109 3800 sive
1126 3751 1175 3799 384
1192 3764 1213 3798 a.
1233 3749 1261 3798 O.
1278 3750 1383 3815 primum

406 3872 512 3921 Athenas
535 3870 601 3919 venit
623 3885 685 3919 anno
706 3870 789 3920 aetatis
813 3886 867 3919 suae
885 3870 960 3918 XVII
977 3869 1090 3919 archonte
1108 3866 1217 3932 Polyzelo
1235 3866 1383 3933 Olympiadis

407 3990 481 4039 Olli.
503 4004 564 4037 anno
589 3989 625 4037 2⁰.
643 4004 662 4037 s.
681 3987 729 4040 367
747 4003 768 4036 a.
787 3987 816 4035 O.
834 3989 858 4036 et
874 3986 962 4036 mansit
978 4001 1021 4052 per
1037 4001 1111 4036 annos
1128 3987 1173 4035 XX
1190 4001 1264 4049 usque
1282 3984 1311 4035 ad
1327 3984 1382 4035 Pla·

406 4106 470 4156 tonis
486 4108 587 4155 mortem
603 4121 665 4154 anno
683 4120 705 4154 a.
724 4105 752 4153 O.
771 4109 821 4170 {p}
839 4120 857 4153 s.
876 4103 1024 4171 Olympiadis
1042 4104 1140 4153 CVIII.
1156 4119 1218 4154 anno
1235 4104 1271 4152 1⁰.
1285 4102 1322 4152 rel
1337 4104 1383 4163 2⁰„

407 4226 471 4273 certe
487 4223 600 4272 archonte
617 4221 756 4287 Theophila.
771 4221 851 4284 Igitur
866 4223 918 4270 tum
932 4220 1056 4271 Aristoteli
1070 4224 1133 4270 aetas
1142 4220 1260 4284 obtigerat
1267 4235 1382 4269 annorum

409 4340 544 4389 XXXVII:
569 4338 653 4403 quibus
676 4338 696 4388 si
718 4353 856 4388 annumeres
879 4354 952 4388 annos
973 4339 1036 4388 inter
1062 4339 1199 4388 archontem
1225 4338 1382 4404 Theophilum

408 4461 432 4507 et
448 4456 578 4507 Philoclem
595 4457 748 4516 archontem,
766 4456 865 4505 redeunt
881 4454 939 4505 anni
956 4455 1054 4505 LXIII.
