3592 5400
796 632 905 679 noras.
1300 618 1340 678 27

408 825 486 892 Ibid.
508 825 579 890 Irin.
604 830 623 890 8
647 831 678 891 et
701 830 731 890 9.
753 826 797 899 ὡς
821 822 1056 909 Ἀριστόξενος
1080 828 1207 909 πρῶτος
1226 826 1341 889 ἐσυκο-

364 969 521 1049 φάντησε,
554 967 609 1028 καὶ
643 962 855 1049 Ἀριστείδης
886 965 1033 1049 ὕστερον.
1062 964 1168 1030 Versio
1192 965 1230 1030 V.
1253 965 1289 1030 L.
1313 972 1343 1031 et

364 1103 393 1170 lr.
417 1103 436 1169 l.
459 1104 572 1169 “Sicut
593 1103 794 1169 Aristoxenus
813 1104 967 1169 accusavit
986 1109 1017 1168 et
1036 1104 1202 1169 Aristocles
1222 1110 1345 1192 postea„

363 1251 395 1309 et
416 1244 495 1308 infra
517 1242 622 1308 habet:
645 1243 757 1308 “Siout
780 1243 982 1309 Aristoxenus
1005 1249 1035 1308 et
1057 1243 1224 1308 Aristocles
1243 1250 1341 1330 poste·

364 1382 428 1448 rius
458 1381 589 1458 dicunt„
620 1381 757 1466 quamvis
787 1403 891 1469 graece
920 1381 985 1447 illie
1015 1381 1074 1447 loci
1105 1381 1203 1446 solum
1234 1404 1342 1447 nornen

363 1521 539 1588 Aristoxeni
564 1526 817 1586 commemoretur.
841 1523 885 1587 At
909 1542 977 1586 vero
1000 1521 1068 1606 quis
1090 1521 1149 1584 iste
1171 1519 1200 1584 h.
1224 1520 1242 1585 l.
1263 1521 1342 1608 apud

363 1665 501 1726 nostrum
524 1659 697 1725 Aristides?
717 1659 863 1726 Aeliusne
881 1659 1032 1727 Aristides
1053 1659 1199 1725 Hadriani
1212 1666 1344 1747 tempore

364 1798 528 1886 Sophiste?
553 1799 672 1865 Vitiose
691 1799 779 1864 credo
797 1821 862 1864 esse
877 1799 1024 1886 scriptum
1040 1821 1093 1886 pro
1106 1797 1338 1884 Ἀριστοκλῆς.

409 1938 479 2003 lam
508 1937 589 2023 quod
619 1938 728 2003 attinet
758 1937 955 2015 sententiam,
978 1961 1054 2024 quae
1076 1943 1140 2004 tota
1163 1938 1218 2003 hac
1242 1938 1342 2026 phrasi

364 2075 436 2141 inde
457 2076 493 2142 ab
513 2075 580 2140 Oria
604 2079 670 2161 ἄρα
694 2075 964 2159 (ἐπῳκοδόμησεν
989 2103 1020 2141 κ.
1046 2103 1076 2142 τ.
1103 2081 1129 2141 ἑ.
1156 2078 1343 2152 continetur,

364 2220 469 2281 notare
497 2214 583 2281 lubet
613 2214 694 2281 haee.
725 2215 884 2302 Pleraque,
915 2239 991 2302 quae
1013 2216 1050 2281 de
1072 2217 1241 2283 inimicitiis
1264 2218 1343 2282 inter

363 2353 520 2419 Platonem
551 2359 581 2419 et
610 2354 804 2420 Aristotelem
835 2355 985 2433 feruntur,
1017 2362 1068 2422 aut
1099 2379 1130 2422 re
1159 2357 1240 2443 ipsa,
1262 2356 1342 2442 quod

363 2491 493 2559 absurda
524 2497 613 2569 sunt,
644 2492 835 2571 refelluntur,
866 2492 912 2558 vel
944 2495 1087 2560 seriorum
1117 2500 1235 2560 tantum
1259 2496 1343 2561 testi·

364 2632 474 2697 moniis
504 2631 661 2709 nituntur,
689 2654 765 2718 quae
794 2653 850 2697 nee
871 2633 952 2697 inter
975 2655 1006 2698 se
1029 2654 1163 2719 congrua
1185 2638 1274 2713 sunt,
1297 2633 1344 2699 vel

363 2796 400 2837 ex
431 2772 550 2858 impuro
580 2772 663 2836 fonte
692 2771 860 2849 fluxerunt,
884 2771 916 2836 id
940 2777 1001 2850 est,
1025 2795 1063 2837 ex
1085 2771 1155 2838 odio
1177 2779 1208 2838 et
1230 2773 1344 2838 invidia

362 2910 588 2976 Platonicorum
628 2932 699 2998 erga
736 2910 968 2997 Peripateticos,
1008 2933 1134 2997 quorum
1175 2911 1344 2998 exemplum

363 3050 452 3114 etiam
485 3048 573 3114 multi
605 3048 661 3114 viri
693 3049 802 3114 eruditi
831 3050 913 3115 Sacc.
944 3050 1025 3115 XVI
1056 3057 1086 3116 et
1109 3050 1216 3115 XVII.
1248 3051 1344 3115 secuti

364 3194 452 3264 sunt,
475 3187 527 3252 alii
550 3187 745 3253 Aristotelem
769 3187 909 3254 laudibus
933 3189 965 3252 in
986 3188 1100 3253 coelum
1122 3187 1275 3265 tollentes,
1293 3189 1344 3253 alii

293 3348 298 3356 ·
363 3327 449 3392 nulla
477 3350 539 3392 non
569 3326 728 3393 maledicta
755 3333 785 3391 et
809 3327 945 3392 convicia
968 3328 1000 3391 in
1022 3326 1109 3391 illum
1134 3327 1345 3413 conjicientem

363 3489 457 3553 quum
489 3487 558 3531 vero
585 3465 800 3531 obtrectatores
823 3456 865 3542 el·
876 3466 973 3531 invidi
997 3466 1085 3531 fidem
1109 3466 1264 3552 exiguam,
1288 3489 1344 3531 nec

363 3606 503 3689 majorem
524 3609 689 3670 mereantur
709 3603 891 3677 laudatores,
911 3603 964 3689 qiii
984 3605 1115 3691 partium
1135 3627 1196 3668 non
1210 3604 1344 3668 veritatis

362 3742 465 3810 studio
496 3742 580 3808 ducti
610 3743 710 3807 omnia
741 3742 879 3820 laudant,
906 3742 1117 3809 difficillimum
1142 3748 1187 3808 est
1206 3742 1344 3828 judicare

362 3882 437 3967 quid
459 3883 500 3947 sit
523 3882 555 3946 in
578 3904 612 3947 ea
635 3904 668 3948 re
690 3882 761 3947 veri.
787 3962 789 3966 ι

407 4020 564 4087 AElianus
598 4021 669 4086 Ver.
704 4020 787 4086 Hist.
817 4020 884 4086 Lib.
916 4022 972 4087 IV.
1005 4026 1024 4085 9
1056 4027 1156 4086 narrat
1186 4021 1343 4086 Platonem

363 4159 476 4225 dixisse
495 4159 531 4225 de
549 4159 728 4237 Aristotele,
749 4159 854 4225 “hunc
873 4159 905 4223 in
926 4183 958 4225 se
979 4160 1195 4237 recalcitrasse‚
1214 4167 1248 4226 ut
1269 4161 1342 4226 muli

363 4298 452 4365 modo
482 4299 577 4385 geniti
609 4300 641 4363 in
673 4305 796 4364 matrem
820 4298 1006 4365 recalcitrare
1028 4299 1181 4375 soleant„:
1204 4299 1253 4364 oui
1276 4301 1342 4384 qui·

362 4439 428 4505 dem
453 4439 536 4504 dicto
559 4439 760 4525 nescioquod
784 4432 975 4503 Platonicum
999 4439 1096 4502 inesse
1116 4436 1189 4502 mihi
1215 4437 1342 4501 videtur.
