3592 5400
558 487 656 531 carno
669 487 709 531 1v.
733 488 775 530 os
791 487 996 531 osncnnonuu
1011 490 1209 535 0000000000.
1401 471 1443 536 55

320 641 531 701 divinationem
544 641 675 701 funditus
690 641 820 702 sustulit.
848 642 966 718 Reliqui
982 662 1049 701 voro
1064 663 1165 704 omnes
1180 649 1441 724 010010οΕ01οο-

320 773 410 823 rum,
437 753 647 812 balbutientem
667 755 703 811 de
722 761 827 812 natura
846 754 981 824 deorum,
1004 754 1213 814 divinationem
1232 759 1440 834 probaverunt3

320 865 374 923 sed
397 883 456 922 non
483 883 541 923 nno
566 865 659 923 modo.
697 864 773 923 Nam
799 882 887 940 quum
915 862 1051 924 Socrates
1078 885 1235 943 omnesque
1258 866 1441 928 Socratici

318 977 488 1051 Zenoque
503 984 533 1032 ot
547 975 592 1045 hi,
609 976 658 1049 qui
674 977 712 1034 ab
727 994 761 1034 eo
777 982 876 1034 essent
890 975 1028 1052 proiecti,
1044 983 1197 1035 manerent
1211 978 1241 1035 in
1256 980 1440 1056 antiquorum

319 1086 558 1162 philosophorum
579 1086 739 1157 sententia,
765 1094 887 1144 vetere
907 1086 1100 1145 Academia
1124 1096 1154 1145 01
1174 1089 1441 1164 Peripateticis

320 1195 585 1275 consentientibus,
608 1216 754 1272 quumque
776 1197 843 1255 huic
864 1198 907 1255 rei
928 1217 1065 1274 magnam
1084 1199 1285 1257 auctoritatem
1305 1201 1441 1276 Pytha·

319 1326 424 1384 goras
439 1307 498 1363 iam
513 1314 582 1363 aute
598 1307 764 1378 tribuisset,
785 1309 835 1385 qui
850 1309 939 1366 etiarn
954 1309 1019 1384 ipse
1033 1328 1126 1386 augur
1140 1309 1228 1367 vellet
1247 1329 1328 1380 0000,
1350 1312 1441 1387 pluri·

319 1418 434 1493 misque
448 1417 521 1474 locis
535 1417 632 1494 gravis
647 1428 748 1476 auctor
762 1418 992 1477 Democritus
1007 1420 1245 1495 praesensionem
1257 1441 1353 1480 rerum
1363 1421 1440 1481 futu·

319 1548 415 1586 rarum
432 1529 648 1604 comprobaret:
670 1529 916 1587 Dicaearchus
937 1530 1152 1606 Peripateticus
1172 1539 1269 1589 cetera
1286 1532 1440 1590 divinatio-

318 1639 367 1697 nis
380 1657 490 1716 genera
504 1637 637 1709 sustulit,
654 1639 830 1698 somniorum
846 1646 876 1696 et
888 1639 996 1698 furoris
1011 1642 1145 1716 reliquit,
1170 1640 1438 1719 Cratippusque,

318 1749 472 1807 familiaris
488 1756 600 1818 noster,
617 1769 703 1824 quem
719 1770 771 1827 ogo
787 1770 887 1826 parem
902 1750 1024 1808 summis
1039 1752 1244 1826 Peripateticis
1259 1753 1368 1824 iudico,
1390 1753 1440 1813 iis·

318 1861 383 1918 dem
406 1861 495 1919 rebus
515 1859 602 1916 fidem
624 1860 740 1930 tribuit,
763 1861 878 1936 reliqua
900 1861 1089 1921 divinationis
1111 1881 1220 1938 genera
1242 1863 1350 1922 reiecit.
1381 1862 1441 1922 Sed

317 1990 406 2046 quum
423 1968 515 2030 Stoici
530 1970 702 2029 omniafere
717 1971 770 2028 illa
784 1971 989 2040 defenderent,
1007 1972 1085 2045 quod
1099 1979 1129 2028 et
1142 1973 1223 2030 Zeno
1237 1973 1270 2028 in
1285 1974 1347 2031 suis
1363 1992 1440 2032 com·

317 2081 469 2140 montariis
484 2081 569 2156 quasi
584 2081 698 2140 semina
709 2082 851 2156 quaedam
867 2089 1031 2159 sparserat,
1047 2089 1076 2138 et
1091 2101 1127 2138 ea
1138 2080 1337 2142 Cleanthes
1352 2085 1440 2160 paulo

317 2193 451 2251 uberiora
465 2192 599 2267 iecisset,
619 2192 744 2250 accessit
763 2193 905 2251 acerrimo
926 2193 970 2250 vir
989 2192 1106 2271 ingenio
1122 2191 1368 2271 Chrysippus,
1390 2194 1439 2268 qui

317 2312 408 2361 totam
423 2304 460 2360 dc
474 2303 653 2362 divinatione
669 2304 782 2362 duobus
796 2303 880 2362 libris
897 2303 1052 2379 explicavit
1068 2305 1261 2374 sententiani,
1285 2323 1341 2362 uno
1355 2324 1439 2380 prae-

318 2424 399 2472 terea
413 2416 449 2471 de
464 2414 604 2484 oraculis,
625 2434 682 2471 uno
697 2415 733 2471 de
750 2414 887 2472 somniis:
914 2432 999 2488 quem
1021 2415 1204 2488 subsequens
1225 2436 1313 2473 unum
1332 2415 1439 2473 librum

315 2525 499 2601 Babylonius
514 2523 698 2602 Diogenes
715 2524 820 2594 edidit,
836 2525 899 2582 eius
914 2524 1045 2599 auditor,
1059 2525 1115 2583 duo
1130 2526 1339 2601 Antipater,
1355 2527 1438 2600 quin-

316 2656 373 2714 que
390 2642 490 2694 noster
504 2636 733 2694 Posidonius
764 2634 823 2694 Sed
842 2654 860 2691 a
875 2632 983 2695 Stoicis
1004 2635 1050 2691 vel
1069 2634 1208 2711 princeps
1224 2634 1286 2692 eius
1307 2635 1438 2712 discipli·

316 2768 387 2819 nae,
406 2745 560 2805 Posidonii
575 2748 689 2818 doctor,
711 2746 871 2822 discipulus
886 2736 1050 2823 Antipatri,
1067 2746 1254 2823 degeneravit
1268 2746 1437 2817 Panaetius,

315 2877 371 2916 nec
394 2866 491 2915 tamen
513 2877 602 2917 ausus
626 2866 671 2916 001
694 2877 801 2934 negare
821 2858 880 2915 vim
900 2876 966 2916 0000
985 2858 1150 2927 divinandi,
1177 2857 1230 2915 sed
1250 2857 1384 2915 dubitare
1405 2876 1438 2915 se

316 2966 419 3028 dixit.“
447 2969 576 3029 Addita
597 2968 781 3027 Carneade
800 2969 893 3026 multa
912 2976 996 3027 acute
1016 2976 1045 3026 et
1065 2968 1183 3045 copiose
1203 2976 1304 3027 contra
1322 2967 1436 3028 Stoicos

314 3082 352 3139 (10
366 3080 546 3139 divinatione
561 3098 628 3139 0000
643 3080 801 3156 disputata.

379 3192 479 3249 Pauca
500 3192 536 3249 (10
558 3191 681 3267 singulis
704 3192 870 3250 hominihus
892 3210 911 3248 a
933 3190 1075 3250 Cicerone
1097 3190 1255 3249 nominatis
1280 3190 1435 3249 sufficient.

314 3303 500 3380 Diogenes
516 3301 620 3379 igitur,
635 3296 775 3373 στωικός,
791 3295 874 3385 γένος
889 3293 1273 3378 Σελευκεύς,·καλούμενος
1289 3284 1322 3356 δὲ
1337 3292 1437 3377 Βαβυ-

315 3407 420 3482 λώνιος
445 3396 496 3470 buci
518 3407 574 3476 τὴν
594 3408 741 3495 γειτονίαν
767 3406 870 3491 (Diog.
886 3411 940 3468 La.
959 3412 986 3469 c.
1007 3413 1054 3469 13.
1072 3413 1126 3481 81,
1147 3410 1196 3468 ubi
1210 3429 1237 3469 v.
1254 3404 1436 3487 Menagiam)

315 3524 463 3601 octoginta
482 3531 547 3581 octo
568 3542 660 3581 annos
680 3523 752 3580 vixit
773 3515 911 3600 (Lucian.
928 3521 963 3578 de
977 3521 1127 3598 longaevis
1144 3513 1211 3597 20).
1242 3520 1310 3593 Qua
1324 3519 1437 3577 ratione

316 3635 524 3692 divinationem
547 3634 727 3702 tractaverit,
750 3632 863 3690 videtur
884 3651 920 3689 ex
941 3631 1001 3690 Cic.
1015 3631 1051 3688 de
1062 3638 1122 3688 nat.
1137 3631 1215 3688 deor.
1232 3632 1279 3689 15.
1293 3633 1331 3689 41
1348 3648 1436 3705 posse

315 3746 428 3823 colligi:
451 3747 505 3819 „In
520 3765 554 3803 eo
569 3745 658 3814 libro,
680 3744 730 3819 qni
750 3743 921 3802 inscribitur
935 3742 1082 3812 Minerva,
1105 3748 1221 3817 partum
1235 3741 1314 3799 loris
1329 3747 1436 3799 ortum-

315 3875 371 3931 que
386 3856 507 3932 virginis
522 3857 560 3913 ad
575 3856 786 3932 physiologiam
803 3854 957 3912 traducens
972 3851 1113 3929 disiungit
1127 3871 1146 3910 a
1158 3848 1288 3911 fabula.“
1309 3886 1345 3896 ·-
1362 3852 1435 3910 Tar·

316 3967 413 4024 sensis
424 3966 567 4044 Diogenis
583 3984 735 4025 successor
747 3965 804 4022 fuit
818 3964 1012 4040 Antipater
1026 3963 1199 4033 Tarsensis,
1217 3961 1332 4023 Stoicus
1339 4007 1349 4035 ,
1365 3960 1435 4022 Car-

315 4077 432 4146 neadis,
448 4078 497 4152 qui
510 4097 536 4134 a.
553 4077 611 4135 155
624 4078 661 4134 ab
672 4074 902 4134 Atheniensibus
913 4075 1038 4133 Romam
1049 4074 1157 4133 missus
1170 4080 1229 4143 est,
1242 4072 1433 4132 adversarius.

314 4188 438 4246 Librum
451 4187 513 4245 eius
524 4205 554 4245 π.
568 4170 798 4269 δεισιδαιμονίας
808 4187 915 4244 Athen.
930 4187 947 4244 8
959 4205 988 4261 p.
1004 4186 1064 4243 346
1074 4203 1097 4243 c.
1111 4190 1325 4243 commemorat.
1343 4185 1435 4241 Inter-

314 4298 509 4375 pretationem
529 4300 591 4356 eius
612 4298 741 4373 aliquam
760 4298 935 4357 Artemidos.
957 4296 1079 4355 onirocr.
1104 4298 1132 4354 4.
1156 4295 1194 4353 65
1216 4294 1331 4352 refutat.
1360 4292 1434 4351 Eius

315 4408 477 4484 discipulus
489 4408 691 4467 Panaetius
707 4415 783 4478 erat,
801 4408 870 4483 „qui
884 4426 960 4466 unus
975 4426 991 4464 e
1004 4404 1111 4465 Stoicis
1126 4403 1336 4481 astrologorum
1350 4422 1434 4479 prae·

314 4519 392 4576 dicta
418 4516 548 4595 reiecit,“
577 4517 639 4577 Cio.
660 4517 697 4574 de
716 4517 774 4577 div.
796 4519 825 4577 2.
846 4518 896 4578 42.
920 4518 969 4577 88.
1000 4515 1045 4576 cf.
1066 4516 1102 4573 de
1122 4533 1156 4572 ao
1175 4532 1232 4571 van
1252 4513 1376 4590 Lynden
1397 4513 1433 4571 de
