3592 5400
551 509 647 553 eurur
660 510 702 553 iv.
724 511 767 552 nr:
782 509 987 554 omerioauu
1001 512 1198 557 comomsus.
1389 495 1428 559 51

377 653 555 746 Ἑρμείας
569 662 600 722 ἐν
613 668 658 740 τῷ
674 649 804 742 δευτέρῳ
818 669 880 724 τῶν
890 684 920 723 π.
931 684 959 724 τ.
974 646 1160 748 Γρυνείου
1175 660 1365 738 Ἀπόλλωνος
1379 671 1429 728 ad-

310 782 431 832 vocatur
450 775 488 832 ab
511 776 662 833 Athenaeo
686 778 714 834 4.
736 778 783 834 13.
802 778 841 834 32
863 797 891 852 p.
909 779 1013 847 14911,
1035 797 1120 852 quem
1142 777 1293 836 Hermiam
1315 781 1429 856 Methy-

310 904 446 944 mnaeum
460 905 556 944 rerum
573 884 736 945 Sicularum
751 906 844 962 usque
858 888 896 946 ad
911 907 938 944 a.
949 889 1010 947 376
1027 883 1159 965 (Diodor.
1172 890 1219 946 15.
1230 890 1279 947 37.
1290 882 1321 966 3)
1332 891 1428 966 scrip-

309 1005 402 1054 torem
424 997 560 1055 Muelleri
583 996 746 1055 Odosredus
766 998 797 1054 in
813 999 885 1056 Dor.
902 999 960 1074 Ip.
975 1000 1034 1057 227
1052 1000 1126 1057 ed.l
1150 1007 1180 1056 et
1195 997 1318 1057 Carolus
1340 1001 1370 1057 in
1392 1001 1427 1059 fr.

309 1107 380 1164 hist.
392 1108 422 1164 ll
435 1127 464 1184 p.
478 1110 518 1167 80
529 1127 557 1166 a.
573 1127 640 1166 esse
654 1116 767 1183 putant.
798 1108 982 1184 Quamquam
998 1129 1056 1167 non
1071 1109 1178 1184 liquet,
1198 1129 1267 1166 num
1287 1129 1429 1186 responsa

309 1219 376 1295 ipsa
391 1219 555 1297 collegerit3
575 1238 622 1295 ap.
634 1219 815 1276 Athenaeum
835 1227 913 1277 certe
928 1220 964 1278 de
979 1220 1163 1278 caerimoniis
1183 1227 1296 1277 tantum
1311 1221 1428 1280 diebus·

308 1348 367 1404 que
379 1329 464 1387 festis
480 1335 700 1387 commentatur.

373 1441 422 1498 De
434 1439 629 1498 Dodonaeo
645 1440 761 1498 oraculo
777 1440 868 1498 libros
884 1442 1256 1516 composuisseAndron‚
1272 1443 1427 1500 Alexan-

308 1551 371 1607 der
384 1551 572 1619 Pleuronius,
589 1550 858 1625 Thrasybulus,
874 1553 1117 1610 Acestodorus
1131 1552 1206 1610 falso
1221 1572 1239 1609 a
1252 1553 1427 1627 quibusdam

308 1662 507 1737 perhibentur.
539 1660 598 1733 Qui
621 1669 732 1718 tantum
754 1664 839 1719 abest
860 1669 892 1719 ut
914 1681 1056 1737 responsa
1077 1663 1261 1739 collegerint,
1283 1672 1314 1721 ut
1334 1665 1429 1723 obiter

308 1772 393 1831 modo
412 1771 567 1830 Dodonam
589 1773 884 1830 commemoraverint.
916 1774 956 1830 Et
976 1773 1120 1830 Andron
1144 1773 1260 1847 quidem
1281 1766 1427 1850 (Halicar-

308 1875 486 1959 nassensis),
503 1882 580 1956 quod
590 1901 637 1958 ap.
651 1883 712 1940 sch.
724 1882 811 1940 Hom.
824 1883 858 1940 ΙΙ.
874 1885 923 1941 16.
937 1884 997 1940 235
1010 1883 1046 1939 de
1058 1880 1147 1940 Sellis
1158 1883 1278 1961 legitur,
1294 1884 1324 1941 in
1336 1885 1426 1944 histo-

308 1994 360 2051 riis
375 1993 438 2051 sive
450 1988 633 2076 συγγενείαις
645 2001 812 2050 narraverat
828 1986 875 2069 (sr.
888 1993 906 2050 5
919 2012 965 2068 ap.
983 1992 1156 2050 Muellerum
1172 1994 1201 2051 Π
1218 2014 1248 2069 p.
1266 1987 1349 2072 346).
1378 1995 1426 2054 De

307 2103 411 2161 iisdem
427 2101 518 2162 Sellis
532 2103 738 2161 Alexander
752 2102 925 2160 Pleuronius
941 2104 1091 2161 Aetolus
1108 2096 1166 2179 (ap.
1178 2103 1283 2162 sch.Il.
1297 2099 1425 2182 16233)

308 2214 452 2270 cecinerat
466 2213 497 2270 in
513 2213 621 2270 incerto
634 2214 762 2270 carmine
778 2207 823 2291 (fr.
837 2216 856 2271 4
868 2214 898 2270 in
907 2214 1047 2271 Meinekii
1059 2213 1199 2271 analectis
1208 2215 1425 2285 Alexandrinis,

307 2344 336 2399 p.
356 2317 439 2398 250).
471 2324 718 2384 Acestodorus
738 2324 1003 2401 Megalopolitanus
1022 2343 1052 2381 π.
1072 2318 1192 2381 πόλεων
1212 2319 1425 2409 ωγγεγραφώς

309 2429 423 2512 (Steph.
439 2436 511 2510 Byz.
535 2453 560 2492 s.
575 2427 778 2511 Megalopoli),
802 2442 835 2491 ut
856 2435 892 2491 de
914 2434 1127 2510 antiquissimis
1151 2435 1301 2492 Eleusinis
1322 2436 1425 2494 incolis

309 2539 381 2620 (sch.
398 2543 487 2620 Soph.
504 2543 579 2602 Oed.
596 2543 660 2603 Col.
679 2539 771 2619 1051)
792 2552 822 2601 et
841 2545 877 2602 de
897 2546 961 2602 loeo
981 2545 1011 2601 in
1027 2531 1241 2620 Megarensium
1262 2545 1424 2603 confinibus

308 2656 364 2714 sito
380 2648 469 2733 (Plut.
484 2656 588 2715 Them.
605 2647 652 2731 13)
668 2655 842 2731 disputarit,
863 2655 906 2713 ita
920 2656 956 2712 de
970 2654 1112 2713 Dodonae
1127 2654 1244 2713 nomine.
1258 2655 1424 2730 oraculique

307 2766 419 2843 origine
434 2767 590 2824 advocatur
601 2786 660 2823 uua
671 2785 734 2822 cum
747 2766 993 2841 Thrasybulo,
1009 2765 1106 2841 ignoto
1118 2766 1273 2841 scriptore,
1289 2785 1308 2822 a
1320 2764 1422 2843 Steph.

306 2878 378 2953 Byr.
401 2897 424 2935 s.
445 2877 584 2946 Dodona,
606 2878 666 2935 sch.
687 2876 774 2935 Hom.
796 2877 831 2933 Il.
852 2878 899 2935 16.
922 2878 997 2945 233,
1023 2876 1241 2934 Ευάουίυ103.
1260 2877 1329 2935 127.
1351 2877 1422 2935 200.

307 2991 411 3047 Arsen.
427 3009 456 3065 p.
470 2989 540 3046 215.
564 2989 662 3063 Etym.
679 2989 720 3045 M.
736 3006 761 3045 s.
776 2987 946 3045 Dodonaeo.
969 2988 1003 3045 In
1019 3007 1115 3045 rerum
1126 2987 1263 3046 Thessal.
1279 2987 1315 3045 fr.
1333 2989 1350 3045 3
1363 2989 1423 3045 ete

307 3092 452 3175 (Muelleri
472 3098 507 3155 fr.
528 3098 596 3156 hist.
617 3100 646 3155 Il
665 3118 694 3172 p.
712 3090 790 3174 463)
818 3096 1147 3167 CineasThessalus,
1172 3098 1279 3173 Pyrrhi
1299 3099 1423 3175 legatus,

274 3247 278 3252 -
306 3209 541 3284 antiquissimam
567 3208 676 3266 oraculi
703 3208 780 3266 Dod.
806 3208 958 3266 historiam
984 3210 1128 3277 narravit,
1154 3227 1205 3265 aes
1233 3209 1423 3266 Dodonaeum

306 3320 571 3395 divinationemque
587 3339 622 3376 ex
637 3337 670 3376 co
687 3327 801 3394 captam
816 3318 961 3377 Polemo
976 3320 1124 3395 periegeta
1143 3318 1174 3374 in
1196 3338 1293 3375 rerum
1307 3318 1421 3393 Epirot.

305 3430 340 3487 fr.
366 3433 420 3501 30,
442 3439 471 3488 ct
490 3430 600 3488 Demo
619 3430 655 3487 fr.
677 3426 714 3486 17
731 3448 790 3503 sq,
811 3429 999 3486 Aristides
1020 3423 1067 3503 (cf.
1085 3427 1211 3484 Mueller
1228 3429 1244 3485 1
1263 3447 1292 3502 p.
1312 3430 1370 3485 381
1394 3435 1423 3484 et

306 3541 422 3598 Preller
435 3541 471 3598 ad
487 3542 598 3599 Polem.
614 3540 721 3616 perieg.
737 3539 773 3597 tr.
788 3532 854 3615 59),
875 3536 1044 3595 Lucillus
1059 3537 1227 3594 Tarrhaeus
1243 3529 1301 3613 (ap.
1318 3534 1420 3612 Steph.

306 3671 330 3709 s.
346 3644 483 3729 Dodona)
498 3652 529 3708 in
544 3651 760 3727 proverbiorum
776 3649 945 3724 corporibus
960 3653 1166 3705 tractaverunt.

368 3761 417 3819 De
431 3782 489 3819 uno
503 3752 616 3818 tantum
631 3760 777 3837 Apollinis
794 3758 884 3818 Clarii
901 3776 1057 3833 responso,
1078 3757 1108 3814 in
1130 3775 1188 3832 quo
1203 3748 1268 3813 Ἰαώ
1283 3756 1354 3814 deus
1370 3776 1421 3815 no·

305 3873 446 3942 minatur,
463 3870 656 3930 Cornelius
672 3871 791 3928 Labeo
807 3876 1017 3927 commentatus
1033 3875 1092 3937 est,
1108 3868 1199 3937 idem,
1216 3868 1265 3942 qui
1279 3866 1421 3926 fastorum

305 3984 397 4040 libros
418 3977 557 4061 (Maerob.
579 3989 634 4039 sat.
654 3984 680 4039 1.
700 3982 747 4039 12.
765 3982 799 4050 6,
819 3982 860 4038 Io.
882 3979 958 4054 Lyd.
980 3980 1016 4036 de
1035 3997 1127 4037 mens.
1144 3979 1194 4036 IV.
1213 3981 1228 4036 1
1246 3998 1275 4053 p.
1291 3980 1364 4048 141,
1381 3979 1421 4035 20

305 4108 333 4169 p·.
354 4072 412 4151 172
428 4094 473 4157 ed.
489 4085 639 4170 Roetheri)
661 4099 689 4152 et
709 4092 744 4147 de
764 4090 924 4149 Penatibus
946 4084 1047 4168 (Maer.
1070 4089 1139 4148 ibid.
1162 4091 1190 4146 3.
1206 4080 1237 4163 4)
1260 4089 1345 4145 etde
1365 4088 1421 4144 diis

305 4203 481 4261 animalibus
502 4196 595 4281 (Serv.
617 4203 654 4259 ad
669 4204 740 4259 Aen.
759 4204 787 4259 3.
807 4194 877 4279 168)
894 4200 1044 4275 scripsit*.
1073 4200 1178 4258 Eidem
1198 4197 1236 4256 Ο.
1252 4198 1371 4256 Iahnius
1390 4197 1422 4253 in

373 4383 385 4409 '⁶
408 4382 466 4435 Nou
484 4383 577 4450 liquet,
595 4389 682 4434 uuum
700 4380 742 4432 hic
759 4397 793 4432 an
803 4381 931 4433 Antistius
942 4379 1031 4431 Labeo
1051 4378 1215 4446 „disciplinas
1233 4376 1355 4426 Etruscas
1372 4375 1421 4427 Ta·

305 4468 373 4535 getis
391 4474 418 4519 et
435 4467 537 4518 Baeidis
555 4468 605 4518 XV
622 4466 797 4518 voluminibus
816 4464 1008 4534 explanaverit“
1029 4464 1159 4530 lllulgent.
1172 4476 1264 4527 expos.
1280 4476 1357 4512 serm.
1375 4475 1420 4510 au-

305 4553 351 4619 tiq.
363 4552 545 4619 1176118111.)
570 4556 595 4602 et
613 4549 765 4601 Tarchontis
786 4551 879 4617 placita
903 4550 1084 4616 interpretatus
1107 4548 1141 4597 sit
1163 4545 1237 4596 etde
1258 4544 1420 4605 fulminibus,

1184 4648 1218 4697 4.
