3592 5400
837 513 928 555 LIBER
948 515 981 555 11.

377 667 448 724 235.
472 649 557 722 ἔνδον
572 658 740 748 ὀρινομένης
754 660 858 748 χρόνον
873 659 987 749 ἄρκιον·
1003 661 1068 724 οὔτι
1083 650 1117 725 δὲ
1131 672 1245 751 κοῦρον,

472 770 554 833 ἀλλὰ
567 770 658 857 κόρην
665 770 684 832 ¹.
705 768 806 853 Φοίβη
820 772 878 859 γὰρ
893 771 1037 845 ἐύσκοπος
1051 771 1177 859 ἤροσενῖ
1191 775 1284 863 &priv

471 878 597 967 Κύπριν,
612 881 806 969 ἐπειγομένην
822 881 915 952 (λῆλυν
930 882 1031 971 γόνον,
1048 876 1072 945 ὦ
1088 884 1169 970 pale,
1184 895 1255 947 σεῖο.

345 982 407 1054 ἰδοὺ
420 991 471 1053 καὶ
483 990 542 1054 eiad
554 999 609 1054 τοῦ
621 992 779 1080 σπορίμου,
791 992 856 1055 ὅτιὸ
868 993 977 1064 σελήνη
990 995 1038 1056 ἐπὶ
1049 983 1222 1081 Ἀφροδίτην
1233 994 1364 1084 ἐφέρετο,
1383 995 1464 1062 εἶπεν

344 1103 389 1165 ὅτι
406 1099 484 1172 θῆλυ
499 1099 721 1191 γεννοθτίσετκι
742 1105 792 1166 καὶ
807 1104 865 1192 μὴν
879 1104 1000 1178 καὶτὰς
1013 1104 1116 1180 νόσους
1130 1103 1246 1170 ἐκεῖθεν
1259 1106 1462 1197 προλέγουσιν.

343 1211 511 1277 ἐπάκουσον
524 1210 596 1301 γάρ·

343 1477 430 1528 dinem
449 1475 576 1527 infantem
594 1475 753 1544 significant.
790 1477 843 1529 lam
863 1495 923 1530 vero
941 1479 1024 1530 missa
1041 1479 1156 1547 imagine
1174 1479 1206 1531 ad
1224 1496 1279 1530 rem
1295 1480 1382 1548 ipsam
1394 1485 1463 1533 tran-

342 1563 412 1612 siens
431 1578 464 1612 ex
482 1562 685 1628 interrogatione
704 1561 726 1611 ri
744 1561 835 1621 τέξεται
852 1561 867 1627 ἡ
886 1563 948 1631 γυνή
966 1564 1074 1615 νειΙιιιιιι
1092 1570 1117 1616 et
1133 1565 1281 1617 subiectum
1292 1567 1404 1634 supplet.
1430 1565 1465 1617 Ut

342 1647 501 1698 calidissima
519 1651 618 1697 aestate
636 1663 689 1697 non
707 1654 815 1716 pereunt
833 1650 939 1700 arbores
957 1665 1061 1722 omnes,
1085 1650 1131 1701 scd
1154 1650 1252 1701 intimis
1276 1655 1360 1702 terrae
1378 1651 1462 1702 succis

342 1733 461 1794 aluntur,
483 1731 520 1782 ita
541 1732 634 1782 mulier
658 1732 703 1782 illa
725 1739 814 1784 ventre
837 1733 963 1785 infantem
988 1751 1039 1785 non
1064 1735 1260 1799 moribundam,
1283 1735 1329 1787 sed
1352 1735 1420 1787 vitae
1437 1741 1464 1787 et

342 1815 441 1883 vigoris
460 1821 607 1884 compotem
625 1816 692 1867 alere
710 1817 853 1871 videbatur.
889 1819 941 1870 t'ur
958 1818 1027 1868 idem
1045 1823 1148 1888 tempus
1167 1818 1292 1871 feminam
1309 1821 1364 1872 fore
1383 1820 1463 1890 signi·

341 1901 414 1964 ficet,
432 1900 510 1969 paulo
527 1900 597 1952 infra
614 1900 806 1955 demonstrabo.

412 1987 418 2019 ¹
440 1985 529 2053 κούρην
547 1985 607 2047 BD;
629 1983 694 2035 ἀλλὰ
711 1987 786 2053 κόρην
805 2003 855 2038 om.
875 1989 902 2039 (¹.

411 2070 481 2122 ²Ex
496 2068 635 2138 Porphyrii
658 2072 833 2123 enarratione:
858 2070 895 2122 ὅτι
913 2071 1006 2136 Σελήνη
1031 2069 1070 2122 ἐπὶ
1087 2069 1232 2141 Ἀφροδίτην
1255 2070 1353 2142 ἐφέρετο
1377 2076 1461 2127 conie-

342 2157 407 2207 ceris
425 2155 525 2221 ἤνυσεν,
548 2155 617 2223 qnod
635 2156 666 2207 de
684 2156 775 2208 itinero
793 2157 950 2226 perficiendo
968 2158 1062 2225 tragici
1080 2158 1212 2221 dicebant,
1236 2157 1404 2228 νο1υ18ορ1κ
1422 2161 1462 2213 Ar.

342 2241 404 2292 608:
424 2237 516 2290 ἀνύσειν
535 2238 577 2289 τὀν
596 2237 692 2306 Ἅιδαν,
711 2243 770 2295 Ant.
789 2241 851 2293 805:
872 2240 982 2311 θάλαμον
1002 2240 1144 2293 ἀνύτουσαν.
1174 2243 1255 2310 Atqui
1273 2243 1342 2312 quod
1358 2250 1462 2312 tragoe-

341 2327 412 2377 diam
430 2325 516 2388 deoet,
537 2326 570 2376 ab
589 2326 751 2378 oraculorum
770 2345 890 2380 sermone
909 2328 1023 2379 alienum
1041 2333 1088 2379 est.
1123 2328 1189 2379 Huic
1207 2328 1381 2381 vindicaretur
1399 2346 1461 2381 usus

341 2412 384 2462 ille
399 2411 596 2479 epigrammatis
611 2409 681 2461 anth.
693 2410 747 2464 Pal.
762 2412 785 2465 9.
802 2413 847 2464 145
860 2430 937 2464 versu
951 2413 975 2463 l:
991 2411 1030 2462 ὅτε
1046 2411 1075 2478 δὴ
1091 2411 1168 2480 σορὸν
1186 2412 1259 2478 ἤνυσε
1273 2417 1363 2482 γῆρας,
1384 2420 1412 2466 at
1425 2415 1462 2466 ibi

341 2513 394 2547 non
418 2501 458 2547 est
479 2495 613 2563 pervenire
637 2497 671 2546 ad
693 2503 865 2560 senectutem,
888 2498 935 2548 sed
958 2497 1097 2559 conficere,
1121 2513 1254 2565 peragere.
1290 2498 1408 2562 Accedit,
1434 2505 1462 2551 ut

340 2582 397 2650 ipse
413 2580 573 2648 Porphyrius
592 2576 640 2630 ἀπο
659 2585 703 2631 τοῦ
722 2581 844 2650 σπορίμου
861 2582 973 2635 adiiciat.
1010 2583 1100 2649 ltaque
1114 2587 1144 2633 ut
1155 2581 1246 2650 primis
1259 2583 1376 2634 versibus
1389 2582 1461 2635 dixe·

340 2673 381 2719 rat
397 2667 530 2729 tellurem,
554 2666 726 2735 descripserat
743 2666 890 2731 mulierem,
913 2668 951 2719 ita
968 2667 1020 2718 iarn
1043 2667 1076 2718 ad
1094 2667 1179 2719 sidera
1196 2666 1296 2719 videtur
1312 2666 1460 2733 transferre,

340 2751 411 2821 qnod
433 2752 464 2803 de
485 2750 590 2803 homine
615 2758 670 2803 erat
693 2751 840 2805 dicendum.
876 2753 921 2804 'Pu‘
938 2752 1041 2816 sevisti,
1065 2770 1116 2821 qno
1138 2758 1255 2821 tempore
1273 2752 1362 2804 Venus
1384 2753 1461 2804 lunae

339 2837 483 2889 luminibus
505 2837 580 2905 qnasi
602 2838 746 2888 seminibus
770 2837 961 2904 gravidabatur.
997 2838 1036 2889 lta
1052 2836 1210 2908 Porphyrius
1231 2842 1301 2889 certe
1318 2855 1373 2890 rem
1391 2838 1461 2890 vide-

339 2927 381 2973 tur
393 2922 567 2984 intellexisse3
586 2922 631 2990 qui
642 2928 771 2990 tempore,
790 2940 841 2991 quo
853 2924 931 2975 lunae
942 2924 989 2974 lux
1003 2924 1030 2974 in
1042 2906 1169 2975 Venerem
1181 2929 1355 2992 spargeretur,
1372 2924 1461 2992 plane·

339 3013 426 3059 tarum
443 3007 546 3058 illorum
564 3004 659 3074 ἐπαφήν
677 3008 732 3059 sive
750 3009 958 3061 coniunctionem
976 3009 1120 3077 significari
1136 3010 1245 3061 censuit.
1281 3009 1355 3062 Luna
1374 3011 1461 3078 partui

338 3093 451 3163 propitia
469 3108 526 3143 esse
544 3092 704 3145 credebatur.
740 3093 808 3147 Plut.
827 3094 858 3145 de
876 3095 943 3146 Iside
961 3112 1016 3164 cap.
1030 3095 1062 3146 41
1075 3113 1100 3163 p.
1112 3094 1162 3146 367
1173 3094 1200 3146 d:
1218 3093 1261 3162 τὴν
1274 3093 1317 3164 μὲν
1329 3093 1377 3163 γὰρ
1389 3093 1460 3159 oeld-
1511 3119 1516 3128 ·

339 3195 382 3243 νην
406 3177 534 3245 astrologi
556 3183 663 3228 censent
686 3179 787 3247 γόνιμον
811 3179 839 3229 το
865 3181 917 3246 φῶς
941 3178 981 3229 καλ
1006 3178 1138 3247 ὑγροποιὸν
1162 3176 1280 3248 ἔχουσαν,
1310 3178 1396 3249 εὐμενῆ
1420 3178 1461 3230 καλ

339 3265 424 3333 γοναῖς
442 3263 516 3332 ζῴοιν
534 3262 574 3312 καλ
593 3265 674 3329 φυτῶν
693 3256 751 3313 εἶναι
770 3263 925 3330 βλαστήσεσι,
961 3262 1027 3313 Cum
1040 3265 1139 3316 Venere
1153 3264 1306 3330 praesertim
1323 3264 1461 3316 coniuncta

338 3349 453 3400 favebat.
484 3346 536 3399 Cio.
549 3347 580 3398 de
593 3348 671 3398 divin.
687 3347 708 3400 l.
723 3348 763 3400 39.
777 3347 821 3400 85:
843 3347 925 3410 ,Quid
944 3346 1044 3415 (habet)
1064 3347 1223 3414 astrologus,
1242 3363 1287 3397 cur
1304 3347 1380 3398 stella
1391 3346 1459 3399 lovis

338 3440 385 3485 ant
401 3433 510 3485 Veneris
528 3433 667 3485 coniuncta
684 3450 744 3484 oum
761 3434 836 3484 luna
854 3432 888 3483 ad
906 3437 978 3483 ortus
995 3431 1183 3501 puerorumxli.
1195 3448 1217 3481 e.
1234 3431 1388 3493 liberorum,
1407 3448 1460 3483 non

338 3519 432 3587 puellis
450 3517 475 3569 h.
487 3519 505 3569 1.
522 3518 598 3586 pueri
615 3518 793 3587 opponuntur)
812 3517 932 3568 salutaris
954 3516 1002 3578 sit,
1026 3516 1133 3568 Saturni
1150 3516 1274 3566 Martisve
1297 3516 1457 3566 contraria?“

339 3603 467 3655 Videlicet
489 3603 551 3671 μήνη
576 3602 597 3652 δ’
611 3598 648 3669 ἄρ’
662 3602 748 3668 ςότινος,
771 3600 886 3672 Κυθέρεια
909 3601 931 3651 δ’
945 3598 1019 3670 ὄρεξις
1042 3600 1128 3669 (Stob.
1146 3600 1192 3652 ecl.
1210 3598 1286 3668 phys.
1306 3600 1328 3652 1.
1349 3599 1372 3651 6.
1391 3598 1459 3665 lli).

337 3688 504 3740 Ptolemaeus
522 3688 549 3738 in
568 3687 754 3755 quadripartito
774 3687 842 3754 (libr.
857 3686 872 3738 3
885 3703 910 3755 p.
926 3685 973 3737 1⁶20
989 3686 1027 3736 ed.
1041 3684 1170 3736 Camerar.
1189 3684 1270 3735 Basil.
1285 3682 1360 3751 1553)
1379 3700 1458 3735 sexus

337 3772 505 3842 praedicendi
522 3788 603 3823 causa
620 3772 656 3822 ait
674 3772 775 3823 caelum
795 3771 984 3824 observandum
1008 3787 1066 3821 esse
1085 3768 1192 3838 pellaeas
1211 3766 1253 3837 μὲν
1276 3766 1398 3833 eard-abe
1416 3771 1458 3833 τῆς
1536 3775 1546 3784 ‘

339 3860 433 3926 σπορᾶς
458 3854 576 3924 διάθεσιν,
602 3853 806 3925 ὁλοσχερέστερον
829 3855 855 3907 δὲ
877 3855 918 3906 κοιλ
941 3851 1005 3906 κατὰ
1026 3854 1069 3920 τὴν
1092 3857 1134 3919 τῆς
1157 3850 1284 3923 ἐκτροπῆς.
1323 3852 1459 3905 Feminam

337 3944 407 4005 fore,
426 3942 450 3993 si
467 3942 605 3994 muliebres
623 3942 713 3993 stellae
725 3946 844 4008 regnent.
880 3939 966 4002 Quum
977 3945 1081 4008 tempus
1094 3942 1136 4004 τῆς
1151 3937 1282 4008 ἐκτροπῆς,
1301 3939 1318 3992 i.
1333 3956 1354 3991 e.
1367 3938 1459 3991 edendi

337 4034 437 4098 partus,
456 4027 483 4077 in
501 4043 633 4078 summum
652 4032 753 4078 aestum
771 4025 861 4076 eadere
880 4025 984 4076 oraculo
997 4024 1167 4093 significetur,
1185 4024 1218 4076 ad
1230 4025 1324 4077 lulium
1341 4040 1459 4076 mensem

336 4112 513 4182 perducimur,
530 4112 547 4165 i.
564 4128 585 4163 e.
604 4112 636 4162 ad
654 4127 777 4162 canorum
794 4109 901 4160 Zodiaci
917 4110 1036 4178 signum,
1053 4109 1123 4178 quod
1139 4110 1227 4179 ipsum
1244 4111 1385 4179 putabatur
1402 4124 1458 4159 mu-

315 4184 420 4251 ‘liebre
438 4213 495 4249 esse
514 4197 589 4265 (Ptol.
602 4214 627 4265 p.
637 4195 690 4263 33).
724 4194 925 4247 Potentissimae
942 4194 1096 4247 videbantur
1118 4195 1207 4247 stellae
1229 4196 1257 4247 in
1274 4210 1323 4246 sua
1341 4208 1458 4261 quaeque

338 4283 417 4335 domo
436 4298 506 4334 esse:
525 4280 553 4331 το
573 4279 598 4331 δὲ
617 4285 660 4331 τοῦ
679 4278 792 4349 καρκίνου
812 4280 925 4350 (ζῴδιον)
944 4278 1050 4344 θηλυκὸν
1069 4283 1097 4349 τῇ
1114 4279 1202 4347 σελήνῃ
1222 4277 1361 4346 (ἀπένειμαν
1379 4268 1457 4339 οἷκον)

336 4368 404 4420 Ptol.
417 4385 443 4436 p.
454 4366 495 4419 37.
512 4366 603 4435 Itaque
623 4366 767 4429 oraculum,
785 4370 815 4416 ut
825 4365 953 4434 praecipit
963 4365 1141 4426 Ptolemaeus,
1160 4368 1314 4431 atempore,
1333 4375 1384 4427 quo
1398 4374 1457 4428 par-

338 4459 396 4504 tum
415 4453 561 4521 conceperit
578 4452 671 4503 mulier
690 4454 716 4501 et
733 4466 784 4518 qno
804 4450 903 4502 editura
921 4452 956 4502 sit
973 4450 1166 4502 conclusionem
1183 4445 1253 4500 facit.

409 4536 420 4569 ³
438 4538 512 4605 quia3
530 4536 576 4590 OG
593 4553 632 4587 σοι
649 4551 696 4605 pro
714 4532 758 4586 ὅτι.
