3592 5400
797 613 904 661 auria.
1293 599 1333 658 47

359 805 424 893 ipsu
447 806 618 872 tmtameuti
646 804 734 871 verba
764 805 860 871 refert.
883 804 992 871 Athen.
1016 804 1219 892 Deipnosoph.
1241 804 1335 870 XIII.

360 967 389 1031 p.
420 949 494 1010 589.
524 943 559 1008 0.
593 949 803 1010 testamentum
834 945 916 1010 citat.
948 944 996 1010 De
1017 944 1192 1010 Andronico
1214 943 1335 1008 Rhodio

360 1087 392 1147 et
413 1081 582 1148 Ptolemaeo
601 1082 668 1170 lege
686 1083 744 1148 Ad.
763 1083 853 1148 Stahr
871 1083 904 1148 in
923 1082 942 1147 l.
963 1105 988 1149 a.
1012 1083 1047 1148 T.
1064 1085 1089 1148 L
1109 1106 1175 1171 pug.
1195 1088 1258 1150 158
1277 1107 1336 1169 seq.

361 1221 400 1285 In
432 1243 505 1286 vers.
538 1221 576 1285 V.
599 1221 635 1286 L.
665 1244 731 1286 νυνι
764 1222 967 1287 uoluminibus
989 1244 1111 1287 suorum
1144 1226 1336 1288 tractatuum.

361 1358 462 1424 David
484 1361 647 1426 Armenius
668 1361 701 1425 in
720 1359 950 1426 Commentariis
968 1360 1093 1427 ineditis
1114 1359 1150 1425 ad
1171 1362 1336 1448 categorias

361 1498 535 1564 Aristotelis
568 1498 643 1582 (cn.
675 1497 765 1565 Stahr
794 1501 827 1563 in
856 1499 876 1564 l.
908 1522 933 1565 o.
965 1499 1000 1565 T.
1024 1500 1051 1566 Ι.
1073 1522 1139 1587 pag.
1164 1499 1245 1588 159)
1269 1504 1335 1564 τῶν

363 1635 646 1722 Ἀριστοτελικῶν
668 1643 927 1723 συγγραμμάτων
950 1636 1081 1704 πολλῶν
1103 1640 1208 1704 ὄντων
1222 1636 1335 1724 χιλίων

361 1775 420 1840 τὸν
440 1774 596 1859 αριθμὸν,
616 1775 658 1850 ὥς
677 1799 754 1859 φησι
772 1774 980 1858 Πτολεμαῖος
996 1780 1015 1839 ὁ
1030 1775 1234 1860 Φιλάδελφος
1252 1777 1337 1840 οἰνα-

363 1918 492 1999 γραφὴν
524 1916 634 1980 αὐτῶν
661 1919 876 1998 ποιησάμενος
898 1918 953 1979 καὶ
978 1916 1034 1980 τὸν
1058 1917 1132 2002 βίον
1157 1915 1256 1980 αὐτοῦ
1281 1919 1336 1979 καὶ

362 2056 422 2134 τὴν
444 2051 596 2118 διάθεσιν
618 2079 648 2116 κ.
671 2078 701 2117 τ.
724 2057 750 2116 ἑ.
772 2053 872 2126 Quare
893 2055 1000 2140 scripsi
1022 2057 1103 2135 μετὰ
1126 2056 1183 2119 τὸν
1209 2055 1336 2119 πίνακα

237 2243 240 2248 «
364 2191 409 2275 (id
433 2198 478 2259 est
501 2192 694 2281 Gatalogum)
719 2196 785 2258 τῶν
807 2191 907 2257 αὐτοῦ
932 2198 1200 2277 συγγραμμάτων.

406 2469 479 2557 Pag.
510 2475 539 2535 9.
569 2470 638 2534 Lin.
671 2474 699 2535 1.
729 2476 760 2535 et
792 2477 820 2534 2.
853 2471 1030 2533 ἐπὶ.....
1063 2472 1123 2551 μὲν
1157 2476 1333 2556 νικομάχῳ.

363 2607 429 2674 MS.
460 2608 568 2673 Versio
599 2609 637 2672 V.
667 2608 702 2674 L.
726 2608 844 2673 dimisit
867 2616 969 2673 autem
985 2609 1094 2694 filium
1117 2582 1336 2675 Nieomuellum

363 2756 393 2814 et
410 2749 518 2835 fitium
549 2748 719 2832 Pythiudu.
751 2748 866 2813 Addidi
889 2750 999 2826 παισὶ,
1023 2749 1092 2834 quia
1115 2750 1157 2814 ita
1179 2747 1269 2835 hujus
1291 2750 1335 2814 fa·

363 2888 446 2952 rinae
465 2892 600 2953 auctores
623 2892 750 2953 utuntur
773 2888 991 2975 praepositione
1014 2888 1076 2951 ἐπὶ.
1100 2886 1175 2953 Ofrr.
1199 2910 1225 2954 v.
1249 2911 1274 2954 o.
1294 2888 1335 2954 H.

362 3025 514 3091 Glintonis
549 3026 631 3091 Fasti
664 3026 781 3091 Hellen.
812 3026 882 3092 edit.
913 3026 947 3093 0.
981 3028 1019 3092 G.
1050 3027 1181 3115 Krugeri
1216 3027 1336 3116 Lipsiae

365 3168 459 3229 1830.
481 3189 509 3252 p,
535 3169 608 3230 250.
625 3163 676 3230 ubi
695 3166 895 3252 fragmentum
916 3165 1046 3252 Dexippi
1065 3165 1144 3253 apud
1163 3165 1335 3251 Synoellum

362 3305 488 3370 citatur:
510 3303 590 3378 “oda
612 3305 666 3368 καὶ
687 3304 784 3379 αυτὸς
803 3308 822 3367 ὁ
840 3305 1033 3390 Κάσανδρος
1054 3303 1181 3369 α’νελὼν
1201 3309 1334 3369 -ἑαυ-

363 3447 420 3509 τὸν
445 3442 616 3508 Μακεδόσι
642 3442 781 3530 βασιλέα
805 3447 1023 3529 ἀνηγόρευσεν
1042 3483 1085 3493 -
1105 3446 1160 3506 καὶ
1180 3442 1333 3530 βασιλεύ-

364 3605 421 3657 σας
446 3580 502 3665 ἔτη
528 3580 589 3661 ιθ’,
619 3580 760 3665 pervade
786 3607 818 3646 τε
844 3585 929 3665 νόσῳ
953 3580 1125 3657 διαλυθεὶς
1150 3584 1203 3645 ἐπὶ
1228 3585 1333 3669 τρισὶν

363 3722 445 3796 ὑιοῖς
469 3718 643 3805 Φιλίππῳ,
667 3719 884 3806 Ἀλεξάνδρῳ
908 3723 964 3784 καλ
987 3721 1237 3805 Ἀντιπάτρῳ.,,

408 3997 487 4065 Ibid.
517 3998 585 4065 Lin.
617 4003 647 4064 3.
680 4000 891 4084 Θεοφράστῳ,
924 3999 1028 4081 φανία
1060 3999 1094 4063 εὐ
1110 4045 1117 4061 .
1134 4045 1142 4061 .
1158 4046 1190 4061 ..
1216 3997 1334 4086 κλυτᾷ).

364 4136 429 4204 MS.
450 4139 499 4204 Ex
522 4140 606 4205 Vera.
633 4138 668 4204 L.
688 4144 804 4205 textum
829 4138 958 4204 restitui.

407 4416 484 4483 Ibid.
507 4416 576 4481 Lin.
597 4422 625 4482 5.
645 4415 751 4480 πολλὰ
770 4417 830 4499 μὲν
849 4414 911 4481 duaa
925 4466 1242 4483 ...............
1257 4424 1330 4482 κατ’
