3592 5400
542 510 638 552 corus
652 511 685 554 11.
708 510 750 552 nu
764 509 923 552 nruuouuu
937 509 1048 553 rouen.
1065 511 1218 556 ramore.
1395 493 1434 556 21

316 668 496 726 desumtum:
518 657 561 722 Οἱ
575 656 777 748 Πυθαγόρειοι
797 657 878 721 κατά
899 655 967 721 θεόν
986 659 1038 720 καὶ
1057 658 1139 722 κατά
1158 657 1339 748 ἀνθρώπειον
1353 660 1437 752 γένος

316 772 387 834 όλον
401 771 501 858 τρίτον
515 767 647 833 ἐτίθεντο
664 767 824 856 σεβάσμιον
839 769 893 831 τόν
906 768 1031 850 βασιλέα
1041 766 1061 839 t
1073 770 1164 855 σορόν
1177 759 1284 858 ἄνδρα,
1300 765 1436 860 Ὀμήρου

315 882 436 970 πρώτου
451 872 567 969 μεταξὺ
583 877 658 942 θεῶν
673 902 708 942 τε
724 879 775 940 καὶ
790 875 953 966 ἀνθρώπων
969 877 1069 954 θέντος
1083 881 1136 942 τόν
1152 880 1292 963 βασιλέα,
1313 884 1364 945 καὶ
1377 881 1436 946 πά-

316 997 363 1055 λιν
376 991 430 1055 τόν
446 989 572 1074 βασιλέα
586 999 779 1078 προτιμῶντα
794 988 974 1063 ποιησαντος
988 995 1082 1053 αὑτοῦ
1096 990 1150 1054 τόν
1165 992 1257 1079 σορόν
1272 982 1373 1080 ἄνδρα
1390 1041 1435 1056 ...

249 1136 253 1143 ·
315 1101 393 1190 Παρ’
408 1092 507 1176 Ἰνδοῖς
520 1100 639 1274 τυρός
655 1099 848 1188 Βραχμᾶνας,
864 1102 946 1188 οἵπερ
963 1101 1016 1162 εἰσὶ
1030 1100 1097 1188 παρ’
1113 1105 1215 1176 αὐτοῖς
1229 1107 1257 1164 οἱ
1271 1080 1435 1192 ριλόσοροι,

515 1213 583 1294 βασι

314 1212 406 1301 λόγος
424 1213 494 1287 τοὺς
604 1210 654 1285 έας
674 1214 871 1284 ἀπαντῶντας
890 1221 1072 1298 προσκυνεῖν.
1105 1218 1212 1275 Totum
1234 1228 1436 1297 argumentum

314 1349 333 1386 e
348 1329 399 1386 Ps.
412 1328 562 1387 Plutarchi
582 1329 658 1384 vitae
670 1327 789 1385 Homeri
806 1344 868 1401 cap.
886 1327 944 1384 199
960 1327 1094 1404 intellegi
1113 1335 1211 1403 potest
1227 1321 1275 1407 (R.
1293 1328 1433 1389 Schmidt.

314 1436 352 1497 de
366 1440 419 1496 illa
433 1439 493 1496 vita
507 1457 536 1514 p.
552 1430 618 1514 18):
640 1425 731 1492 Ἔστι
752 1420 785 1493 δὲ
804 1429 871 1518 παρ’
888 1427 1014 1519 Ὀμηρῳ
1034 1430 1131 1506 πάσης
1151 1434 1267 1508 ἡλικίας
1281 1430 1435 1522 κατορθώ-

315 1567 414 1632 ματα,
429 1541 476 1627 όρ’
492 1535 533 1604 ὧν
548 1545 684 1604 ὁστισοῦν
700 1538 856 1627 ἐπαρθείη·
872 1545 888 1602 ό
905 1539 958 1629 μέν
973 1533 1119 1629 ἀκμάζων
1133 1544 1191 1606 ὑπό
1205 1552 1261 1606 τοῦ
1277 1542 1435 1631 Ἀχιλλέως

314 1651 504 1726 καὶΑἴαντος
519 1654 570 1714 καὶ
585 1640 766 1739 Διομήδους,
790 1655 806 1712 ό
827 1640 859 1713 δὲ
880 1649 1022 1738 νεώτερος
1042 1652 1099 1715 ὑπό
1119 1661 1174 1715 τοῦ
1190 1650 1364 1741 Ἀντιλόχου
1384 1655 1436 1716 καὶ
1546 1665 1549 1675 “

314 1763 482 1850 Μηριόνου,
500 1766 515 1824 ό
533 1752 566 1824 δέ
581 1761 773 1850 μεσαιπόλιος
789 1761 846 1823 ὑπό
861 1769 917 1823 τοῦ
933 1750 1098 1849 Ἰδομενέως
1115 1764 1166 1824 καὶ
1185 1772 1240 1826 τοῦ
1256 1753 1434 1842 Ὀδυσσέως,

314 1878 331 1935 ὁ
353 1863 386 1936 δὲ
408 1871 503 1961 γέρων
522 1872 579 1935 ὑπό
599 1880 654 1934 τοῦ
675 1869 837 1958 Νέστορος,
857 1872 923 1933 καὶ
943 1881 1015 1945 παῖς
1036 1873 1222 1953 βασιλεὺς
1242 1874 1298 1935 ὑπό
1318 1872 1435 1938 τούτων

313 1981 457 2046 ἁπάντων
468 1984 520 2045 καὶ
529 1990 584 2045 τοῦ
597 1978 829 2069 Ἀγαμέμνονος,
838 2022 874 2030 -
889 1996 966 2044 etex
976 2005 1039 2062 cap.
1056 1989 1128 2046 182:
1143 1981 1206 2053 Τὴν
1218 1982 1271 2070 μέν
1283 1984 1434 2066 βασιλείαν

314 2084 351 2157 δι’
367 2094 438 2168 ὅλης
452 2103 508 2168 τῆς
521 2091 667 2166 ποιήσεως
683 2083 838 2180 ὀνομάζων
853 2092 905 2153 καὶ
919 2083 1131 2180 ἐγκωμιάζων,
1141 2097 1186 2166 -ὡς
1201 2096 1231 2155 έν
1245 2090 1375 2168 τούτοις

479 2220 481 2223 ’
518 2225 593 2294 θυμός
612 2225 638 2276 δὲ
656 2225 732 2295 μέγας
750 2224 801 2276 ἐστὶ
819 2225 965 2294 διοτρεφέων
984 2225 1117 2293 βασιλήων,

518 2310 574 2380 τιμὴ
593 2311 615 2362 δ’
633 2309 660 2361 ἐκ
678 2311 734 2371 Διός
753 2309 816 2362 ἐστι·
836 2311 901 2380 φιλεῖ
918 2310 947 2362 δέ
962 2308 974 2361 ἑ
992 2311 1093 2380 μητίετα
1111 2311 1175 2372 Ζεύς.

314 2434 366 2496 καὶ
381 2437 484 2496 ὁποῖον
500 2422 587 2495 δοκεῖ
600 2430 754 2519 (πρέπειῖ)
772 2429 846 2494 εἶναι
860 2431 914 2494 τὸν
930 2430 1069 2513 βασιλέα,
1085 2442 1186 2520 σαφῶς
1202 2422 1301 2503 δηλοῖ·

486 2619 496 2636 ·
518 2566 586 2617 λαῶν
606 2559 694 2617 δὀἴσιν
714 2562 816 2633 ἄνασσε,
836 2563 916 2633 πατὴρ
936 2561 998 2623 δ’ὡς
1016 2563 1086 2630 ἤπιος
1104 2559 1154 2633 ἦεν,
1251 2570 1255 2577 “

313 2648 365 2709 καὶ
519 2649 574 2703 οὔτε
592 2649 644 2703 τινὰ
662 2649 730 2720 ῥέξας
748 2648 859 2719 ἐξαίσιον,
879 2648 935 2700 οὔτε
953 2666 975 2700 τι
993 2647 1068 2700 εἰπὼν

518 2735 542 2787 ἐν
561 2736 648 2807 δήμῳ,
666 2735 704 2801 ἤτ’
722 2735 773 2787 ἐστὶ
791 2735 845 2801 δόκη
865 2734 934 2787 θείων
953 2734 1087 2803 βασιλήων.

314 2884 360 2942 Ad
375 2900 471 2942 mores
486 2880 575 2959 igitur
596 2880 817 2938 conformandos
837 2887 978 2955 quantum
993 2880 1139 2939 Homerus
1159 2881 1270 2938 valeret
1291 2884 1434 2959 exposuit,
1487 2923 1494 2936 .

313 2994 392 3072 regis
412 3012 527 3069 semper
547 2992 658 3049 ratione
677 2991 790 3049 habita:
812 2991 855 3048 ita
874 2999 906 3047 ut
924 2992 973 3049 vix
987 2992 1059 3049 hacc
1079 2991 1168 3049 scribi
1188 2973 1350 3067 potuerim,
1376 2993 1435 3062 nisi

314 3103 457 3181 principis
472 3103 596 3160 alicuius
612 3103 642 3159 in
653 3102 792 3179 gratiam,
808 3102 981 3177 praesertim
992 3119 1081 3178 quum
1092 3110 1192 3160 tantus
1204 3103 1342 3161 librorum
1356 3111 1436 3163 esset

315 3215 452 3273 ambitus.
481 3215 543 3290 Age
565 3213 623 3269 iam
644 3212 859 3270 consideremus
874 3213 925 3271 vit.
939 3214 1016 3272 Plot.
1030 3232 1095 3289 cap.
1111 3214 1158 3271 12.
1170 3212 1250 3270 init:
1272 3204 1434 3294 Ἐπίμησαν

268 3325 270 3330 ’
317 3309 349 3382 δὲ
363 3319 417 3382 τόν
428 3316 587 3380 Πλωτῖνον
600 3315 734 3405 μάλιστα
745 3318 795 3378 καὶ
807 3314 974 3405 έσέφθησαν
985 3316 1150 3390 Γαλλιηνός
1160 3340 1195 3379 τε
1207 3321 1223 3378 ό
1239 3315 1434 3405 αὐτοκράτωρ

316 3430 367 3492 καὶ
386 3426 530 3500 ητοότου
551 3426 625 3511 γυνη
641 3425 808 3504 Σαλωνίνη,
834 3433 907 3489 adeo
928 3439 959 3489 ut
973 3433 1084 3491 Plotini
1107 3450 1197 3489 suasu
1211 3433 1370 3507 imperator
1387 3434 1435 3490 vel
1474 3491 1502 3549 ο

315 3545 531 3621 Platonopolim
552 3545 679 3619 aliquam
699 3542 799 3600 urbem
827 3542 864 3599 ad
883 3542 1018 3602 Platonis
1044 3561 1189 3611 normam,
1215 3542 1294 3599 volut
1313 3542 1435 3601 Fourier
1498 3556 1501 3560 ’

316 3655 530 3732 phalansteria,
546 3654 699 3715 instituere
715 3654 842 3710 animum
857 3652 1015 3712 induceret.
1040 3652 1095 3711 cui
1107 3650 1252 3729 Origenes
1263 3653 1434 3711 Platonicus

316 3782 431 3842 quoque
451 3765 576 3824 blandiri
596 3763 721 3832 studuit,
744 3781 831 3837 quum
852 3764 958 3821 librum
979 3758 1026 3820 ὅτι
1047 3756 1134 3845 μόνος
1153 3756 1278 3830 ποιητὴς
1299 3755 1329 3840 (i.
1343 3781 1368 3821 e.
1384 3763 1435 3837 qui

316 3876 362 3934 sui
376 3875 448 3932 iuris
465 3875 519 3945 sit,
535 3875 585 3950 qui
601 3874 693 3931 libere
708 3892 795 3951 agere
810 3880 839 3930 et
852 3874 931 3949 quod
945 3874 1016 3932 velit
1030 3892 1129 3932 creare
1144 3865 1249 3951 possit)
1266 3869 1282 3928 ό
1298 3865 1435 3950 βασιλεύς

316 3986 471 4043 conficeret
487 3977 547 4063 (vit.
560 3985 637 4043 Plot.
653 3976 713 4061 26).
736 3983 831 4041 Nemo
852 3984 928 4042 alius
949 3984 1000 4042 illo
1016 3985 1132 4043 saeculo
1152 3990 1203 4040 aut
1221 3990 1289 4041 ante
1304 3991 1354 4041 aut
1367 3991 1435 4060 post

315 4096 482 4173 imperavit,
499 4095 545 4151 cui
555 4093 710 4169 Porphyrii
728 4095 932 4152 commentatio
947 4101 1067 4173 accepta
1082 4112 1147 4153 esso
1161 4101 1277 4170 posset;
1293 4112 1360 4150 nam
1376 4112 1433 4150 non

316 4206 409 4264 solum
420 4205 588 4263 Platonicos
600 4203 755 4265 Gallienus
765 4205 864 4283 magni
875 4205 1015 4275 habebat,
1033 4205 1084 4263 sed
1101 4203 1188 4261 etiam
1199 4210 1302 4280 poetas
1317 4202 1435 4260 amabat

315 4323 403 4391 atque
414 4315 478 4391 ipsc
492 4333 594 4372 versus
613 4314 747 4372 faciebat.
770 4314 819 4372 llli
839 4312 929 4392 igitur
938 4314 1135 4391 Porphyrium
1149 4314 1240 4371 libros
1262 4313 1298 4369 de
1317 4312 1433 4390 regibus

315 4424 504 4500 inscripsisse
520 4426 654 4483 arbitror.
682 4422 760 4481 Nam
775 4443 864 4499 quum
874 4424 1010 4484 Plotinus
1026 4431 1056 4481 et
1070 4424 1274 4500 imperatorem
1288 4429 1390 4481 nosset
1403 4428 1434 4479 et

314 4534 510 4610 Porphyrium
527 4534 651 4592 simulac
671 4532 795 4593 vidisset
815 4534 965 4611 permagni
979 4534 1164 4603 aestimaret,
1186 4531 1250 4589 fieri
1265 4530 1314 4589 vix
1326 4530 1431 4607 potuit,
