3592 5400
389 490 431 556 50
616 511 711 555 orror
725 511 767 553 ιν.
788 510 831 552 nn
847 509 1052 553 onacunonuu
1067 510 1266 554 coleremus.

389 668 505 725 oracula
519 666 716 741 miraculaque
732 665 906 736 excucurrit,
929 683 1019 740 quare
1039 669 1100 722 τῶν
1121 657 1294 747 θαυμασίων
1314 665 1390 722 liber
1409 667 1512 743 appel·

387 779 512 836 labatur.
545 778 637 836 Liber
660 779 699 836 30
726 776 940 835 inscribebatur
963 794 994 833 π.
1019 780 1080 833 τῶν
1106 774 1141 833 ἐκ
1167 768 1294 856 Δελφῶν
1320 767 1512 840 συληθέντων

388 880 549 971 χρημάτων
564 881 754 971 σύγγραμμα.
781 887 895 944 Horum
911 888 999 965 igitur
1018 887 1158 945 librorum
1173 886 1211 942 ad
1225 879 1420 943 alterutrum*
1439 887 1511 944 Plu-

388 1000 504 1057 tarchus
525 999 667 1074 spectavit
692 999 728 1055 de
748 998 857 1073 Pythia
877 999 913 1056 19
932 1018 960 1073 p.
980 1000 1040 1056 403
1061 1016 1091 1054 e:
1112 990 1296 1080 Θεόπομπος
1316 980 1438 1065 οὐθενὸς
1456 985 1512 1062 ἧτ-

386 1127 439 1168 τον
460 1113 521 1166 τῶν
544 1100 707 1188 ἀνθρώπων
729 1091 923 1176 ἐσπουδακὼς
944 1102 1067 1187 περὶτὰ
1092 1089 1268 1188 χρηστήριον
1290 1100 1509 1186 (Delphicum),

388 1221 510 1303 ἰσχυρῶς
532 1213 726 1300 ἐπιτετίμηκε
748 1223 812 1286 τοῖς
835 1212 875 1300 μη
897 1203 1048 1299 νομίζουσι
1068 1211 1150 1274 κατά
1167 1212 1222 1274 τὸν
1239 1211 1312 1275 τότε
1331 1212 1436 1300 χρόνον
1458 1218 1511 1300 ἐμ

388 1349 484 1413 μετρα
495 1325 549 1395 την
561 1321 677 1386 Πυθίαν
689 1315 849 1398 θεσπίζειν·
870 1319 937 1385 εἶτα
947 1331 1039 1384 τοῦτο
1052 1321 1232 1410 βουλόμενος
1248 1312 1420 1401 ἀποδεῖξαι,
1435 1347 1510 1386 παν-

387 1439 516 1499 τάπασιν
540 1435 648 1522 ὀλίγων
662 1442 802 1522 χρησμῶν
822 1432 1004 1520 ηὐπόρηκεν,
1025 1437 1064 1506 ὡς
1083 1441 1144 1494 τῶν
1165 1429 1265 1495 ἄλλων
1286 1435 1336 1495 καὶ
1355 1433 1429 1496 τότε
1449 1424 1509 1505 ἤθη

388 1534 606 1633 καταλογάδην
627 1542 838 1633 ἐκφερομένων.
864 1523 903 1607 Is·
911 1548 1018 1626 igitur,
1039 1568 1128 1624 quum
1149 1556 1245 1606 cetera
1260 1568 1402 1625 responsa
1416 1551 1510 1608 obiter

389 1668 640 1731 commemoraret,
656 1659 802 1736 Delphica
817 1660 944 1737 collegit.

452 1772 533 1829 Idem
554 1770 623 1828 fecit
645 1771 813 1828 Mnaseas
836 1771 1024 1841 Patarensis‚
1049 1770 1211 1828 Aristarchi
1234 1770 1411 1847 discipulus,
1435 1772 1509 1831 libro

388 1901 418 1940 π.
433 1885 573 1965 χρησμῶν
585 1873 755 1963 Δελφικῶν,
772 1881 832 1938 sive
848 1884 989 1963 χρησμῶν
1001 1873 1093 1962 Δελφ.
1106 1885 1267 1964 συναγωγῇ
1282 1874 1380 1959 (Voss.
1392 1882 1428 1939 de
1440 1883 1509 1942 hist.

389 1993 441 2052 Gr.
454 1993 477 2050 I.
493 1993 529 2051 21
548 2012 575 2067 p.
591 1993 648 2068 178
664 1983 780 2066 θεοί),
803 2009 889 2065 quam
910 1999 1022 2067 partem
1041 1990 1133 2048 fuisse
1154 1985 1372 2074 περιηγήσεως,
1395 2000 1425 2049 et
1447 1995 1510 2067 qui-

388 2104 453 2160 dem
469 2103 531 2160 eius
546 2102 629 2172 libri,
651 2102 700 2177 qui
716 2103 835 2176 Europa
849 2101 1009 2176 inscriptus
1026 2101 1078 2170 sit,
1100 2101 1214 2158 Mehler
1228 2102 1344 2159 coniicit
1359 2102 1390 2160 in
1406 2121 1508 2161 comm.

388 2214 424 2270 de
439 2214 579 2271 Mnascae
594 2211 765 2289 fragmentis
781 2210 877 2288 inaug.
897 2202 1002 2288 (Bonn.
1015 2231 1041 2268 a.
1058 2203 1150 2286 1846)
1165 2232 1193 2287 p.
1210 2213 1257 2269 12.
1281 2213 1432 2271 Permulta
1447 2234 1509 2272 ora-

389 2322 454 2379 cula
474 2321 584 2398 Pythia
602 2322 726 2379 Mnasea
745 2328 861 2378 auctore
884 2340 903 2377 a
924 2321 1113 2401 scriptoribus
1130 2321 1252 2380 Graecis
1274 2322 1438 2381 afferuntur
1461 2317 1508 2402 (cs.

388 2432 522 2491 Muelleri
538 2431 607 2490 hist.
621 2431 672 2490 Gr.
685 2431 729 2489 III
743 2451 772 2506 p.
789 2431 846 2489 157
863 2431 898 2489 fr.
913 2423 1060 2510 46-50).
1338 2513 1349 2525 V

451 2535 527 2626 Περὶ
541 2545 601 2600 τῶν
614 2532 837 2623 συλλεχθέντων
848 2538 878 2598 ἐν
890 2533 1019 2630 Δελφοῖς
1031 2533 1234 2626 ἀναθημάτων
1245 2544 1404 2602 Alexand
1412 2545 1508 2602 rides

381 2654 522 2730 Delphus
543 2659 754 2712 commentatus
770 2660 824 2711 est.
853 2651 942 2711 Hunc
962 2652 1040 2709 enim
1062 2653 1200 2712 librorum
1221 2654 1346 2712 indicem
1365 2654 1457 2714 fuisse
1477 2655 1508 2712 in

388 2767 496 2824 Zenob.
509 2767 631 2840 prov.·l.
646 2765 684 2821 57
702 2764 831 2821 codicum
848 2771 920 2839 optt.
934 2766 969 2822 Α,
982 2763 1016 2821 Β.
1027 2764 1065 2822 V.
1081 2765 1167 2823 lectio
1189 2763 1220 2822 ἐν
1238 2759 1341 2847 πρώτη
1362 2762 1429 2848 περὶ
1447 2770 1508 2823 τῶν

389 2866 576 2938 συληθέντων
593 2871 622 2930 ἐν
638 2865 766 2954 Δελφοῖς
781 2864 985 2956 ἀναθημάτων
1006 2874 1165 2953 significat:
1188 2876 1329 2950 reliquiae
1350 2885 1428 2935 certe
1449 2897 1506 2935 non

388 2986 424 3042 de
440 3003 573 3042 vasorum
588 3002 734 3041 sacrorum
750 2983 867 3059 rapina,
888 2984 940 3040 sed
963 2984 998 3041 de
1013 2984 1087 3061 ipsis
1102 2971 1188 3044 donis
1204 2986 1308 3056 voticis
1324 2988 1508 3063 donandique

389 3094 485 3153 causis
505 3102 609 3171 agunt,
631 3093 794 3170 praemissa
815 3094 924 3152 oraculi
944 3094 1067 3154 historia
1088 3089 1202 3174 (Steph.
1220 3098 1291 3173 Byz.
1312 3117 1336 3155 s.
1349 3099 1507 3167 Parnasso,

389 3207 466 3264 Plut.
486 3224 533 3281 qu.
555 3204 607 3263 Gr.
629 3206 662 3273 9,
686 3205 736 3262 vit.
756 3204 903 3280 Lysandri
918 3207 955 3263 18
977 3205 1042 3263 coll‘.
1059 3206 1111 3275 12,
1135 3208 1195 3264 sch.
1214 3209 1285 3265 Eur.
1304 3208 1368 3267 Alc.
1391 3212 1422 3279 1,
1446 3211 1506 3267 sch.

388 3315 536 3393 Aristoph.
550 3316 629 3372 Plut.
643 3306 727 3393 925).
755 3316 850 3373 Multa
869 3336 922 3393 pro
938 3316 1062 3374 oraculis
1077 3314 1205 3393 acceptis
1220 3318 1274 3376 deo
1290 3318 1417 3377 dedicari
1433 3322 1507 3378 sole-

389 3428 472 3484 bant:
493 3427 592 3501 itaque
612 3430 838 3484 consentaneum
860 3433 937 3496 erat,
958 3434 992 3482 ut
1010 3427 1149 3486 Mnaseas
1169 3428 1250 3504 ipsos
1271 3447 1385 3504 quoque
1405 3450 1507 3491 versus

388 3536 454 3595 illos
476 3537 608 3606 afferret,
632 3537 712 3595 velut
725 3538 845 3596 Zenobii
869 3544 898 3594 et
921 3538 981 3595 sch.
997 3537 1147 3614 Aristopb.
1170 3529 1243 3597 locis
1266 3542 1506 3599 commemoratis.

387 3650 414 3705 A
430 3646 579 3724 Stephano
591 3647 662 3723 Byz.
676 3648 828 3706 brevitatis
844 3666 934 3705 causa
948 3665 978 3704 π.
989 3650 1045 3704 τοῦ
1061 3646 1091 3704 ἐν
1103 3640 1232 3731 Δελφοῖς
1246 3646 1424 3733 χρηστηρίου
1440 3651 1507 3738 libri

388 3765 527 3815 vocantur
547 3751 583 3835 (s.
599 3750 770 3834 Parnasso).
798 3757 904 3815 Plures
925 3758 993 3815 libri
1007 3758 1138 3829 fuerunt,
1163 3758 1308 3834 siquidem
1328 3760 1374 3819 bis
1394 3761 1507 3837 primus

388 3867 463 3925 liber
481 3867 655 3925 nominatur.
683 3869 774 3925 Aetas
794 3868 920 3926 hominis
941 3888 977 3925 ex
997 3870 1058 3927 sch.
1076 3871 1148 3927 Eur.
1164 3868 1217 3926 Or.
1239 3871 1318 3929 1632
1339 3879 1436 3946 patet,
1458 3872 1506 3931 ubi

387 3976 507 4034 Polemo
529 3977 676 4053 periegeta
698 3960 845 4035 adversus
858 3997 923 4035 eum
939 3978 1094 4055 scripsisse
1110 3980 1234 4037 traditur
1257 3973 1309 4058 (cf.
1329 3982 1457 4039 Mueller
1470 3982 1506 4040 ad

387 4086 498 4144 Polem.
511 4085 547 4144 fr.
562 4087 600 4144 76
613 4078 652 4164 a).

455 4215 467 4242 *
489 4215 537 4283 Ap.
557 4213 611 4266 soh.
628 4212 759 4283 Aristoph.
782 4230 823 4266 av.
842 4216 907 4267 1354
929 4217 1077 4286 θείπορπος
1095 4216 1119 4269 ἐν
1137 4222 1174 4286 τῷ
1197 4235 1223 4268 π.
1248 4217 1368 4287 εὐσεβείας
1391 4221 1506 4274 aflbrtur.

387 4298 422 4349 At
440 4299 530 4350 eadem
548 4298 628 4350 verba
645 4314 726 4365 quum
743 4298 837 4367 Porph.
851 4300 882 4350 de
896 4302 961 4352 abst.
975 4302 999 4356 2.
1013 4303 1045 4355 21
1065 4309 1091 4354 et
1106 4302 1179 4355 Phot.
1192 4319 1212 4355 s.
1226 4320 1249 4355 ν.
1263 4304 1357 4372 κύρβεις
1375 4322 1409 4357 ex
1424 4306 1507 4358 'l'heo-

387 4380 493 4451 phrasto
516 4382 637 4446 afferant,
660 4381 831 4435 Ruhnkenius
855 4384 881 4434 in
905 4383 965 4439 hist.
983 4386 1038 4438 crit.
1057 4394 1122 4442 orat.
1141 4390 1164 4452 ξ.
1181 4387 1214 4439 45
1237 4387 1315 4440 huius
1337 4390 1387 4441 riri
1409 4407 1506 4443 nomen

388 4466 776 4535 c011.Diog.La.5.13p.1to
794 4468 873 4519 etiam
891 4469 917 4519 in
936 4469 1035 4522 scholio
1057 4472 1181 4541 reposuit.
1217 4472 1272 4524 Hoc
1294 4478 1507 4539 commemoravi,

387 4568 420 4602 ne
439 4551 497 4618 quis
515 4554 619 4619 propria
637 4552 751 4619 quadam
769 4554 988 4606 commentatione
1007 4558 1112 4608 oracula
1128 4562 1238 4609 natata
1255 4573 1312 4609 esse
1330 4566 1456 4612 censeret.
