<?xml version="1.0" encoding="UTF-8"?>
<!DOCTYPE html PUBLIC "-//W3C//DTD XHTML 1.0 Transitional//EN"
    "http://www.w3.org/TR/xhtml1/DTD/xhtml1-transitional.dtd">
<html xmlns="http://www.w3.org/1999/xhtml" xml:lang="en" lang="en">
 <head>
  <title>
</title>
<meta http-equiv="Content-Type" content="text/html;charset=utf-8" />
  <meta name='ocr-system' content='tesseract 3.04.00' />
  <meta name='ocr-capabilities' content='ocr_page ocr_carea ocr_par ocr_line ocrx_word'/>
</head>
<body>
  <div class='ocr_page' id='page_1' title='image "./pamphletsonaris00porpgoog_0252.png"; bbox 0 0 3592 5400; ppageno 0'>
   <div class='ocr_carea' id='block_1_1' title="bbox 240 502 946 570">
    <p class='ocr_par' dir='ltr' id='par_1_1' title="bbox 240 502 946 570">
     <span class='ocr_line' id='line_1_1' title="bbox 240 502 946 570; baseline 0.001 -1"><span class='ocrx_word' id='word_1_1' title='bbox 240 502 243 515; x_wconf 64' lang='lat'>¹</span> <span class='ocrx_word' id='word_1_2' title='bbox 326 504 386 570; x_wconf 76' lang='lat'>1³8</span> <span class='ocrx_word' id='word_1_3' title='bbox 813 528 905 570; x_wconf 77' lang='lat' dir='ltr'>crans</span> <span class='ocrx_word' id='word_1_4' title='bbox 925 530 946 570; x_wconf 89' lang='lat'>1.</span> 
     </span>
    </p>
   </div>
   <div class='ocr_carea' id='block_1_2' title="bbox 324 679 1439 1170">
    <p class='ocr_par' dir='ltr' id='par_1_2' title="bbox 325 679 1438 978">
     <span class='ocr_line' id='line_1_2' title="bbox 388 679 1438 761; baseline 0.006 -24"><span class='ocrx_word' id='word_1_5' title='bbox 388 681 495 738; x_wconf 85' lang='lat' dir='ltr'>Euseb.</span> <span class='ocrx_word' id='word_1_6' title='bbox 511 701 556 756; x_wconf 91' lang='lat' dir='ltr'>pr.</span> <span class='ocrx_word' id='word_1_7' title='bbox 573 700 615 737; x_wconf 88' lang='lat' dir='ltr'>ev.</span> <span class='ocrx_word' id='word_1_8' title='bbox 631 681 666 738; x_wconf 82' lang='lat' dir='ltr'>V.</span> <span class='ocrx_word' id='word_1_9' title='bbox 686 684 724 738; x_wconf 89' lang='grc'>14</span> <span class='ocrx_word' id='word_1_10' title='bbox 740 700 768 756; x_wconf 85' lang='lat' dir='ltr'>p.</span> <span class='ocrx_word' id='word_1_11' title='bbox 784 683 842 739; x_wconf 85' lang='grc'>119</span> <span class='ocrx_word' id='word_1_12' title='bbox 860 680 962 757; x_wconf 87' lang='lat' dir='ltr'>Stepb.</span> <span class='ocrx_word' id='word_1_13' title='bbox 980 683 1143 761; x_wconf 68' lang='lat' dir='ltr'>nutavig.</span> <span class='ocrx_word' id='word_1_14' title='bbox 1161 679 1223 758; x_wconf 87' lang='lat' dir='ltr'>(ubi</span> <span class='ocrx_word' id='word_1_15' title='bbox 1238 687 1330 742; x_wconf 85' lang='lat' dir='ltr'>verba</span> <span class='ocrx_word' id='word_1_16' title='bbox 1348 686 1438 760; x_wconf 85' lang='lat' dir='ltr'>primo</span> 
     </span>
     <span class='ocr_line' id='line_1_3' title="bbox 325 791 1438 869; baseline 0.005 -23"><span class='ocrx_word' id='word_1_17' title='bbox 325 791 439 847; x_wconf 88' lang='lat' dir='ltr'>oraculo</span> <span class='ocrx_word' id='word_1_18' title='bbox 455 791 616 865; x_wconf 85' lang='lat' dir='ltr'>praemissa</span> <span class='ocrx_word' id='word_1_19' title='bbox 630 791 752 849; x_wconf 83' lang='lat' dir='ltr'>Eusebil</span> <span class='ocrx_word' id='word_1_20' title='bbox 772 810 838 848; x_wconf 87' lang='lat' dir='ltr'>esse</span> <span class='ocrx_word' id='word_1_21' title='bbox 858 801 953 867; x_wconf 86' lang='lat' dir='ltr'>patet,</span> <span class='ocrx_word' id='word_1_22' title='bbox 974 811 1033 850; x_wconf 91' lang='lat' dir='ltr'>non</span> <span class='ocrx_word' id='word_1_23' title='bbox 1053 793 1225 869; x_wconf 86' lang='lat' dir='ltr'>Porphyrii,</span> <span class='ocrx_word' id='word_1_24' title='bbox 1247 795 1294 852; x_wconf 87' lang='lat' dir='ltr'>cui</span> <span class='ocrx_word' id='word_1_25' title='bbox 1311 794 1438 855; x_wconf 85' lang='lat' dir='ltr'>Gaisfor·</span> 
     </span>
     <span class='ocr_line' id='line_1_4' title="bbox 325 893 524 978; baseline -0.01 -20"><span class='ocrx_word' id='word_1_26' title='bbox 325 900 389 960; x_wconf 90' lang='lat' dir='ltr'>dius</span> <span class='ocrx_word' id='word_1_27' title='bbox 401 893 524 978; x_wconf 85' lang='lat' dir='ltr'><strong>tribuit.)</strong></span> 
     </span>
    </p>

    <p class='ocr_par' dir='ltr' id='par_1_3' title="bbox 324 1001 1439 1170">
     <span class='ocr_line' id='line_1_5' title="bbox 384 1001 1439 1077; baseline 0.007 -24"><span class='ocrx_word' id='word_1_28' title='bbox 384 1001 543 1071; x_wconf 81' lang='grc' dir='ltr'>Ἐμραίνουσι</span> <span class='ocrx_word' id='word_1_29' title='bbox 561 1002 587 1054; x_wconf 75' lang='grc' dir='ltr'>δὲ</span> <span class='ocrx_word' id='word_1_30' title='bbox 606 1002 738 1074; x_wconf 72' lang='grc' dir='ltr'>πολλαχοῦ</span> <span class='ocrx_word' id='word_1_31' title='bbox 757 1004 779 1055; x_wconf 83' lang='lat' dir='ltr'>oi</span> <span class='ocrx_word' id='word_1_32' title='bbox 797 1004 858 1072; x_wconf 80' lang='grc' dir='ltr'>θεοί,</span> <span class='ocrx_word' id='word_1_33' title='bbox 878 1003 954 1074; x_wconf 77' lang='grc' dir='ltr'>ίιπερ1</span> <span class='ocrx_word' id='word_1_34' title='bbox 974 1004 1074 1074; x_wconf 81' lang='grc' dir='ltr'>λέγουσι</span> <span class='ocrx_word' id='word_1_35' title='bbox 1087 1008 1315 1076; x_wconf 73' lang='grc' dir='ltr'>προσημαίνοντεςῖ</span> <span class='ocrx_word' id='word_1_36' title='bbox 1333 1013 1371 1077; x_wconf 86' lang='grc' dir='ltr'>τῷ</span> <span class='ocrx_word' id='word_1_37' title='bbox 1388 1005 1439 1060; x_wconf 73' lang='grc' dir='ltr'>ἑκά·</span> 
     </span>
     <span class='ocr_line' id='line_1_6' title="bbox 324 1092 1438 1170; baseline 0.003 -23"><span class='ocrx_word' id='word_1_38' title='bbox 324 1114 383 1148; x_wconf 91' lang='grc' dir='ltr'>στου</span> <span class='ocrx_word' id='word_1_39' title='bbox 400 1096 560 1165; x_wconf 62' lang='grc' dir='ltr'>γιγνώσκειν3</span> <span class='ocrx_word' id='word_1_40' title='bbox 579 1095 622 1162; x_wconf 80' lang='grc' dir='ltr'>τὴν</span> <span class='ocrx_word' id='word_1_41' title='bbox 639 1101 681 1162; x_wconf 79' lang='grc' dir='ltr'>τῆς</span> <span class='ocrx_word' id='word_1_42' title='bbox 693 1096 808 1167; x_wconf 71' lang='grc' dir='ltr'>γενέσεως</span> <span class='ocrx_word' id='word_1_43' title='bbox 821 1098 945 1167; x_wconf 69' lang='grc' dir='ltr'>σύστασιν,</span> <span class='ocrx_word' id='word_1_44' title='bbox 964 1092 1022 1150; x_wconf 76' lang='grc' dir='ltr'>εἶναι</span> <span class='ocrx_word' id='word_1_45' title='bbox 1035 1100 1138 1169; x_wconf 77' lang='grc' dir='ltr'>αὐτούς,</span> <span class='ocrx_word' id='word_1_46' title='bbox 1157 1098 1178 1151; x_wconf 81' lang='grc' dir='ltr'>εί</span> <span class='ocrx_word' id='word_1_47' title='bbox 1194 1100 1244 1170; x_wconf 84' lang='grc' dir='ltr'>χρὴ</span> <span class='ocrx_word' id='word_1_48' title='bbox 1258 1101 1343 1152; x_wconf 65' lang='grc' dir='ltr'>οὕτω*</span> <span class='ocrx_word' id='word_1_49' title='bbox 1363 1099 1438 1170; x_wconf 79' lang='grc' dir='ltr'>φάναι,</span> 
     </span>
    </p>
   </div>
   <div class='ocr_carea' id='block_1_3' title="bbox 325 1187 1439 1334">
    <p class='ocr_par' dir='ltr' id='par_1_4' title="bbox 325 1187 1439 1334">
     <span class='ocr_line' id='line_1_7' title="bbox 325 1187 1439 1264; baseline 0.003 -24"><span class='ocrx_word' id='word_1_50' title='bbox 325 1187 412 1258; x_wconf 84' lang='grc' dir='ltr'>ἄκρους</span> <span class='ocrx_word' id='word_1_51' title='bbox 430 1208 455 1241; x_wconf 86' lang='grc' dir='ltr'>τε</span> <span class='ocrx_word' id='word_1_52' title='bbox 474 1188 567 1259; x_wconf 79' lang='grc' dir='ltr'>μάγους</span> <span class='ocrx_word' id='word_1_53' title='bbox 585 1189 626 1241; x_wconf 76' lang='grc' dir='ltr'>καί</span> <span class='ocrx_word' id='word_1_54' title='bbox 644 1188 732 1259; x_wconf 80' lang='grc' dir='ltr'>ἄκρους</span> <span class='ocrx_word' id='word_1_55' title='bbox 750 1191 960 1261; x_wconf 82' lang='grc' dir='ltr'>γενεθλιαλόγους.</span> <span class='ocrx_word' id='word_1_56' title='bbox 994 1192 1040 1243; x_wconf 76' lang='grc' dir='ltr'>Ιίαί</span> <span class='ocrx_word' id='word_1_57' title='bbox 1062 1189 1135 1243; x_wconf 75' lang='grc' dir='ltr'>πάλιν</span> <span class='ocrx_word' id='word_1_58' title='bbox 1153 1193 1178 1244; x_wconf 83' lang='grc' dir='ltr'>ἐν</span> <span class='ocrx_word' id='word_1_59' title='bbox 1195 1198 1320 1264; x_wconf 80' lang='grc' dir='ltr'>χρησμοῖς</span> <span class='ocrx_word' id='word_1_60' title='bbox 1338 1190 1383 1263; x_wconf 81' lang='grc' dir='ltr'>ἔφη</span> <span class='ocrx_word' id='word_1_61' title='bbox 1398 1193 1439 1244; x_wconf 72' lang='grc' dir='ltr'>τὀν</span> 
     </span>
     <span class='ocr_line' id='line_1_8' title="bbox 325 1281 589 1334; baseline 0.004 -1"><span class='ocrx_word' id='word_1_62' title='bbox 325 1282 485 1334; x_wconf 80' lang='grc' dir='ltr'>Ἀπόλλωνα5</span> <span class='ocrx_word' id='word_1_63' title='bbox 504 1281 589 1334; x_wconf 76' lang='grc' dir='ltr'>εἰπεῖν·</span> 
     </span>
    </p>
   </div>
   <div class='ocr_carea' id='block_1_4' title="bbox 328 1371 1291 2021">
    <p class='ocr_par' dir='ltr' id='par_1_5' title="bbox 328 1371 1291 2022">
     <span class='ocr_line' id='line_1_9' title="bbox 450 1371 1153 1468; baseline 0.001 -25"><span class='ocrx_word' id='word_1_64' title='bbox 450 1371 592 1453; x_wconf 77' lang='grc' dir='ltr'>Κληίζειν</span> <span class='ocrx_word' id='word_1_65' title='bbox 608 1377 737 1468; x_wconf 71' lang='grc' dir='ltr'>Ἑρμῆν6</span> <span class='ocrx_word' id='word_1_66' title='bbox 751 1371 797 1449; x_wconf 69' lang='lat' dir='ltr'>‘dd&#39;</span> <span class='ocrx_word' id='word_1_67' title='bbox 813 1379 928 1444; x_wconf 86' lang='grc' dir='ltr'>Ἠέλιον</span> <span class='ocrx_word' id='word_1_68' title='bbox 944 1382 1025 1445; x_wconf 82' lang='grc' dir='ltr'>κατὰ</span> <span class='ocrx_word' id='word_1_69' title='bbox 1038 1390 1153 1459; x_wconf 81' lang='grc' dir='ltr'>ταῦτα,</span> 
     </span>
     <span class='ocr_line' id='line_1_10' title="bbox 451 1481 1197 1579; baseline 0.005 -29"><span class='ocrx_word' id='word_1_70' title='bbox 451 1488 544 1575; x_wconf 69' lang='grc' dir='ltr'>η’μέρη</span> <span class='ocrx_word' id='word_1_71' title='bbox 560 1486 705 1566; x_wconf 60' lang='grc' dir='ltr'>Ἠελίουῖ,</span> <span class='ocrx_word' id='word_1_72' title='bbox 721 1488 828 1561; x_wconf 76' lang='grc' dir='ltr'>Μήνην</span> <span class='ocrx_word' id='word_1_73' title='bbox 845 1481 878 1569; x_wconf 77' lang='grc' dir='ltr'>δ’,</span> <span class='ocrx_word' id='word_1_74' title='bbox 895 1491 947 1554; x_wconf 85' lang='grc' dir='ltr'>ὅτε</span> <span class='ocrx_word' id='word_1_75' title='bbox 962 1482 1057 1561; x_wconf 74' lang='grc' dir='ltr'>τῆσδε</span> <span class='ocrx_word' id='word_1_76' title='bbox 1071 1492 1197 1579; x_wconf 75' lang='grc' dir='ltr'>παρείη8</span> 
     </span>
     <span class='ocr_line' id='line_1_11' title="bbox 451 1587 1136 1688; baseline 0.007 -29"><span class='ocrx_word' id='word_1_77' title='bbox 451 1598 560 1685; x_wconf 66' lang='grc' dir='ltr'>ἡμέρη,</span> <span class='ocrx_word' id='word_1_78' title='bbox 575 1587 629 1666; x_wconf 77' lang='grc' dir='ltr'>ἠδὲ</span> <span class='ocrx_word' id='word_1_79' title='bbox 643 1597 758 1687; x_wconf 83' lang='grc' dir='ltr'>Κρόνον</span> <span class='ocrx_word' id='word_1_80' title='bbox 772 1590 819 1670; x_wconf 73' lang='lat' dir='ltr'>r&#39;ul&#39;</span> <span class='ocrx_word' id='word_1_81' title='bbox 834 1592 927 1674; x_wconf 69' lang='grc' dir='ltr'>ἑξείης</span> <span class='ocrx_word' id='word_1_82' title='bbox 942 1591 1136 1688; x_wconf 76' lang='grc' dir='ltr'>Ἀφροδίτην9</span> 
     </span>
     <span class='ocr_line' id='line_1_12' title="bbox 361 1706 1291 1800; baseline 0.002 -28"><span class='ocrx_word' id='word_1_83' title='bbox 361 1716 428 1773; x_wconf 76' lang='lat'>125.</span> <span class='ocrx_word' id='word_1_84' title='bbox 453 1708 592 1778; x_wconf 69' lang='grc' dir='ltr'>κλήσεσιν</span> <span class='ocrx_word' id='word_1_85' title='bbox 607 1707 829 1799; x_wconf 60' lang='grc' dir='ltr'>ἀρθέγκτοιςῑθ,</span> <span class='ocrx_word' id='word_1_86' title='bbox 845 1715 879 1785; x_wconf 84' lang='grc' dir='ltr'>ἃς</span> <span class='ocrx_word' id='word_1_87' title='bbox 895 1706 960 1799; x_wconf 76' lang='grc' dir='ltr'>εὗρε</span> <span class='ocrx_word' id='word_1_88' title='bbox 977 1710 1082 1800; x_wconf 73' lang='grc' dir='ltr'>μάγων</span> <span class='ocrx_word' id='word_1_89' title='bbox 1098 1709 1141 1798; x_wconf 78' lang='grc' dir='ltr'>ὄχ’</span> <span class='ocrx_word' id='word_1_90' title='bbox 1157 1709 1291 1799; x_wconf 78' lang='grc' dir='ltr'>ἄριστος,</span> 
     </span>
     <span class='ocr_line' id='line_1_13' title="bbox 453 1816 1226 1910; baseline 0.004 -29"><span class='ocrx_word' id='word_1_91' title='bbox 453 1828 508 1893; x_wconf 72' lang='grc' dir='ltr'>τῆς</span> <span class='ocrx_word' id='word_1_92' title='bbox 523 1816 737 1910; x_wconf 78' lang='grc' dir='ltr'>ἑπταφθόγγου</span> <span class='ocrx_word' id='word_1_93' title='bbox 745 1821 769 1858; x_wconf 90' lang='lat'>¹⁰</span> <span class='ocrx_word' id='word_1_94' title='bbox 784 1821 935 1904; x_wconf 80' lang='grc' dir='ltr'>βασιλεύς,</span> <span class='ocrx_word' id='word_1_95' title='bbox 952 1820 984 1884; x_wconf 78' lang='grc' dir='ltr'>ὃν</span> <span class='ocrx_word' id='word_1_96' title='bbox 999 1821 1108 1896; x_wconf 81' lang='grc' dir='ltr'>πάντες</span> <span class='ocrx_word' id='word_1_97' title='bbox 1123 1824 1226 1885; x_wconf 87' lang='grc' dir='ltr'>ἴσασιν.</span> 
     </span>
     <span class='ocr_line' id='line_1_14' title="bbox 328 1926 972 2021; baseline 0 -27"><span class='ocrx_word' id='word_1_98' title='bbox 328 1926 508 1999; x_wconf 79' lang='grc' dir='ltr'>Ὀστοίνην11</span> <span class='ocrx_word' id='word_1_99' title='bbox 524 1928 619 2019; x_wconf 83' lang='grc' dir='ltr'>λέγεις</span> <span class='ocrx_word' id='word_1_100' title='bbox 635 1930 790 2010; x_wconf 85' lang='grc' dir='ltr'>εἰπόντων,</span> <span class='ocrx_word' id='word_1_101' title='bbox 807 1932 972 2021; x_wconf 75' lang='grc' dir='ltr'>ἐπήγαγεν·</span> 
     </span>
    </p>
   </div>
   <div class='ocr_carea' id='block_1_5' title="bbox 327 2087 1447 4629">
    <p class='ocr_par' dir='ltr' id='par_1_6' title="bbox 397 2087 1203 2160">
     <span class='ocr_line' id='line_1_15' title="bbox 397 2087 1203 2160; baseline 0.006 -20"><span class='ocrx_word' id='word_1_102' title='bbox 397 2091 403 2122; x_wconf 87' lang='lat'>¹</span> <span class='ocrx_word' id='word_1_103' title='bbox 428 2089 474 2140; x_wconf 78' lang='lat' dir='ltr'>lini</span> <span class='ocrx_word' id='word_1_104' title='bbox 492 2087 507 2140; x_wconf 79' lang='grc' dir='ltr'>ἃ</span> <span class='ocrx_word' id='word_1_105' title='bbox 525 2089 674 2159; x_wconf 80' lang='grc' dir='ltr'>προλέγουσι</span> <span class='ocrx_word' id='word_1_106' title='bbox 691 2090 834 2144; x_wconf 78' lang='lat' dir='ltr'>BGDEFG.</span> <span class='ocrx_word' id='word_1_107' title='bbox 905 2091 915 2125; x_wconf 76' lang='lat'><strong>²</strong></span> <span class='ocrx_word' id='word_1_108' title='bbox 938 2091 1131 2160; x_wconf 85' lang='grc' dir='ltr'>προσημαίνουσι</span> <span class='ocrx_word' id='word_1_109' title='bbox 1148 2091 1203 2145; x_wconf 84' lang='grc' dir='ltr'>ΑΗ.</span> 
     </span>
    </p>

    <p class='ocr_par' dir='ltr' id='par_1_7' title="bbox 395 2174 674 2242">
     <span class='ocr_line' id='line_1_16' title="bbox 395 2174 674 2242; baseline 0.011 -17"><span class='ocrx_word' id='word_1_110' title='bbox 395 2175 405 2208; x_wconf 79' lang='lat'>³</span> <span class='ocrx_word' id='word_1_111' title='bbox 429 2174 602 2242; x_wconf 82' lang='grc' dir='ltr'>προγινώσκειν</span> <span class='ocrx_word' id='word_1_112' title='bbox 619 2175 674 2228; x_wconf 81' lang='grc' dir='ltr'>ΑΗ.</span> 
     </span>
    </p>

    <p class='ocr_par' dir='ltr' id='par_1_8' title="bbox 395 2259 1331 2330">
     <span class='ocr_line' id='line_1_17' title="bbox 395 2259 1331 2330; baseline 0 -20"><span class='ocrx_word' id='word_1_113' title='bbox 395 2260 406 2292; x_wconf 77' lang='lat'><strong>⁴</strong></span> <span class='ocrx_word' id='word_1_114' title='bbox 430 2260 473 2311; x_wconf 83' lang='lat' dir='ltr'>Sic</span> <span class='ocrx_word' id='word_1_115' title='bbox 493 2259 574 2311; x_wconf 87' lang='lat' dir='ltr'>Gaisf.</span> <span class='ocrx_word' id='word_1_116' title='bbox 592 2277 625 2310; x_wconf 82' lang='lat' dir='ltr'>ex</span> <span class='ocrx_word' id='word_1_117' title='bbox 644 2260 716 2312; x_wconf 86' lang='lat' dir='ltr'><strong>codd.</strong></span> <span class='ocrx_word' id='word_1_118' title='bbox 736 2261 856 2312; x_wconf 90' lang='lat' dir='ltr'>omnibus</span> <span class='ocrx_word' id='word_1_119' title='bbox 874 2266 976 2330; x_wconf 86' lang='lat' dir='ltr'>praeter</span> <span class='ocrx_word' id='word_1_120' title='bbox 994 2262 1047 2316; x_wconf 85' lang='lat' dir='ltr'>DE.</span> <span class='ocrx_word' id='word_1_121' title='bbox 1083 2262 1168 2329; x_wconf 82' lang='lat' dir='ltr'><strong>Vulgo</strong></span> <span class='ocrx_word' id='word_1_122' title='bbox 1187 2261 1254 2311; x_wconf 71' lang='grc' dir='ltr'>οὕτω</span> <span class='ocrx_word' id='word_1_123' title='bbox 1272 2260 1331 2330; x_wconf 75' lang='grc' dir='ltr'>χρὴ.</span> 
     </span>
    </p>

    <p class='ocr_par' dir='ltr' id='par_1_9' title="bbox 396 2341 649 2398">
     <span class='ocr_line' id='line_1_18' title="bbox 396 2341 649 2398; baseline 0.016 -5"><span class='ocrx_word' id='word_1_124' title='bbox 396 2345 406 2376; x_wconf 66' lang='lat' dir='ltr'>l</span> <span class='ocrx_word' id='word_1_125' title='bbox 429 2341 534 2394; x_wconf 77' lang='grc' dir='ltr'>ἀπόλλω</span> <span class='ocrx_word' id='word_1_126' title='bbox 551 2343 649 2398; x_wconf 83' lang='lat' dir='ltr'>BGFG.</span> 
     </span>
    </p>

    <p class='ocr_par' dir='ltr' id='par_1_10' title="bbox 396 2412 1406 2500">
     <span class='ocr_line' id='line_1_19' title="bbox 396 2412 1406 2500; baseline 0.003 -21"><span class='ocrx_word' id='word_1_127' title='bbox 396 2430 407 2462; x_wconf 80' lang='lat'>⁶</span> <span class='ocrx_word' id='word_1_128' title='bbox 430 2428 525 2495; x_wconf 77' lang='grc' dir='ltr'>κλήζειν</span> <span class='ocrx_word' id='word_1_129' title='bbox 543 2428 670 2492; x_wconf 74' lang='lat' dir='ltr'>BEFGH,</span> <span class='ocrx_word' id='word_1_130' title='bbox 688 2427 784 2498; x_wconf 82' lang='grc' dir='ltr'>ἓρμείην</span> <span class='ocrx_word' id='word_1_131' title='bbox 803 2431 836 2494; x_wconf 85' lang='grc' dir='ltr'>Α,</span> <span class='ocrx_word' id='word_1_132' title='bbox 855 2429 951 2500; x_wconf 80' lang='grc' dir='ltr'>ἑρμεῖον</span> <span class='ocrx_word' id='word_1_133' title='bbox 968 2432 997 2483; x_wconf 74' lang='lat' dir='ltr'>F.</span> <span class='ocrx_word' id='word_1_134' title='bbox 1066 2431 1076 2464; x_wconf 82' lang='lat'>⁷</span> <span class='ocrx_word' id='word_1_135' title='bbox 1099 2429 1170 2496; x_wconf 79' lang='grc' dir='ltr'>ἡλίου</span> <span class='ocrx_word' id='word_1_136' title='bbox 1188 2431 1243 2482; x_wconf 85' lang='grc' dir='ltr'>ΑΗ.</span> <span class='ocrx_word' id='word_1_137' title='bbox 1390 2412 1406 2454; x_wconf 65' lang='grc'><em>“</em></span> 
     </span>
    </p>

    <p class='ocr_par' dir='ltr' id='par_1_11' title="bbox 328 2513 1440 2662">
     <span class='ocr_line' id='line_1_20' title="bbox 396 2513 1440 2585; baseline 0.003 -19"><span class='ocrx_word' id='word_1_138' title='bbox 396 2517 406 2550; x_wconf 85' lang='lat'>⁸</span> <span class='ocrx_word' id='word_1_139' title='bbox 430 2514 457 2566; x_wconf 73' lang='grc' dir='ltr'>δὲ</span> <span class='ocrx_word' id='word_1_140' title='bbox 474 2515 547 2580; x_wconf 83' lang='grc' dir='ltr'>τῆσδε</span> <span class='ocrx_word' id='word_1_141' title='bbox 565 2514 663 2583; x_wconf 80' lang='grc' dir='ltr'>παρείης</span> <span class='ocrx_word' id='word_1_142' title='bbox 681 2517 716 2579; x_wconf 83' lang='grc' dir='ltr'>Α,</span> <span class='ocrx_word' id='word_1_143' title='bbox 740 2516 761 2567; x_wconf 72' lang='grc' dir='ltr'>δ’</span> <span class='ocrx_word' id='word_1_144' title='bbox 774 2513 815 2566; x_wconf 76' lang='grc' dir='ltr'>ὅτε</span> <span class='ocrx_word' id='word_1_145' title='bbox 832 2516 905 2581; x_wconf 84' lang='grc' dir='ltr'>τῆσδε</span> <span class='ocrx_word' id='word_1_146' title='bbox 922 2516 1022 2585; x_wconf 83' lang='grc' dir='ltr'>παρείης</span> <span class='ocrx_word' id='word_1_147' title='bbox 1038 2517 1075 2580; x_wconf 88' lang='grc' dir='ltr'>Η,</span> <span class='ocrx_word' id='word_1_148' title='bbox 1098 2519 1167 2584; x_wconf 81' lang='grc' dir='ltr'>μῆνιν</span> <span class='ocrx_word' id='word_1_149' title='bbox 1179 2515 1202 2567; x_wconf 76' lang='grc' dir='ltr'>δ’</span> <span class='ocrx_word' id='word_1_150' title='bbox 1215 2513 1256 2567; x_wconf 75' lang='grc' dir='ltr'>ὅτε</span> <span class='ocrx_word' id='word_1_151' title='bbox 1273 2516 1309 2575; x_wconf 84' lang='grc' dir='ltr'>τίς</span> <span class='ocrx_word' id='word_1_152' title='bbox 1325 2517 1353 2568; x_wconf 80' lang='grc' dir='ltr'>δε</span> <span class='ocrx_word' id='word_1_153' title='bbox 1370 2514 1440 2578; x_wconf 77' lang='lat' dir='ltr'>CFG,</span> 
     </span>
     <span class='ocr_line' id='line_1_21' title="bbox 328 2599 551 2662; baseline 0 -10"><span class='ocrx_word' id='word_1_154' title='bbox 328 2599 362 2662; x_wconf 85' lang='grc' dir='ltr'>τίς</span> <span class='ocrx_word' id='word_1_155' title='bbox 380 2601 407 2652; x_wconf 80' lang='grc' dir='ltr'>δὲ</span> <span class='ocrx_word' id='word_1_156' title='bbox 424 2601 504 2652; x_wconf 87' lang='lat' dir='ltr'>otiam</span> <span class='ocrx_word' id='word_1_157' title='bbox 520 2600 551 2652; x_wconf 90' lang='lat' dir='ltr'>D.</span> 
     </span>
    </p>

    <p class='ocr_par' dir='ltr' id='par_1_12' title="bbox 327 2683 1445 3521">
     <span class='ocr_line' id='line_1_22' title="bbox 396 2683 1441 2757; baseline 0.001 -20"><span class='ocrx_word' id='word_1_158' title='bbox 396 2687 407 2721; x_wconf 80' lang='lat'>⁹</span> <span class='ocrx_word' id='word_1_159' title='bbox 430 2683 474 2751; x_wconf 71' lang='grc' dir='ltr'>ἠδὲ</span> <span class='ocrx_word' id='word_1_160' title='bbox 491 2687 578 2757; x_wconf 83' lang='grc' dir='ltr'>κρόνου</span> <span class='ocrx_word' id='word_1_161' title='bbox 597 2685 637 2738; x_wconf 75' lang='grc' dir='ltr'>καί</span> <span class='ocrx_word' id='word_1_162' title='bbox 655 2684 710 2756; x_wconf 78' lang='grc' dir='ltr'>ῥέον</span> <span class='ocrx_word' id='word_1_163' title='bbox 728 2684 768 2752; x_wconf 73' lang='grc' dir='ltr'>ἠδ’</span> <span class='ocrx_word' id='word_1_164' title='bbox 786 2687 843 2747; x_wconf 85' lang='grc' dir='ltr'>εξεις</span> <span class='ocrx_word' id='word_1_165' title='bbox 861 2683 994 2756; x_wconf 78' lang='grc' dir='ltr'>ἀφροδίτην</span> <span class='ocrx_word' id='word_1_166' title='bbox 1011 2687 1034 2739; x_wconf 85' lang='grc' dir='ltr'><strong>Α</strong></span> <span class='ocrx_word' id='word_1_167' title='bbox 1040 2727 1047 2751; x_wconf 92' lang='grc'><strong><em>,</em></strong></span> <span class='ocrx_word' id='word_1_168' title='bbox 1072 2687 1194 2740; x_wconf 86' lang='lat' dir='ltr'>omittens</span> <span class='ocrx_word' id='word_1_169' title='bbox 1211 2684 1305 2755; x_wconf 77' lang='grc' dir='ltr'>ἡμέρη,</span> <span class='ocrx_word' id='word_1_170' title='bbox 1329 2688 1353 2739; x_wconf 85' lang='lat' dir='ltr'>ei</span> <span class='ocrx_word' id='word_1_171' title='bbox 1372 2685 1441 2739; x_wconf 88' lang='lat' dir='ltr'>Gais-</span> 
     </span>
     <span class='ocr_line' id='line_1_23' title="bbox 327 2770 1443 2842; baseline -0.004 -15"><span class='ocrx_word' id='word_1_172' title='bbox 327 2773 442 2827; x_wconf 83' lang='lat' dir='ltr'>iordium</span> <span class='ocrx_word' id='word_1_173' title='bbox 458 2777 526 2824; x_wconf 90' lang='lat' dir='ltr'>recte</span> <span class='ocrx_word' id='word_1_174' title='bbox 537 2773 671 2841; x_wconf 80' lang='lat' dir='ltr'>intellego.</span> <span class='ocrx_word' id='word_1_175' title='bbox 707 2773 769 2824; x_wconf 89' lang='lat' dir='ltr'>Inde</span> <span class='ocrx_word' id='word_1_176' title='bbox 787 2774 845 2825; x_wconf 91' lang='lat' dir='ltr'>elici</span> <span class='ocrx_word' id='word_1_177' title='bbox 862 2774 957 2841; x_wconf 80' lang='lat' dir='ltr'>possit:</span> <span class='ocrx_word' id='word_1_178' title='bbox 979 2771 1023 2837; x_wconf 66' lang='lat' dir='ltr'>eut</span> <span class='ocrx_word' id='word_1_179' title='bbox 1035 2773 1128 2842; x_wconf 85' lang='grc' dir='ltr'>Κρόνον</span> <span class='ocrx_word' id='word_1_180' title='bbox 1141 2771 1219 2837; x_wconf 82' lang='grc' dir='ltr'>Ῥείην</span> <span class='ocrx_word' id='word_1_181' title='bbox 1232 2772 1254 2822; x_wconf 77' lang='grc' dir='ltr'>τ’</span> <span class='ocrx_word' id='word_1_182' title='bbox 1263 2770 1295 2836; x_wconf 76' lang='grc' dir='ltr'>ἠδ</span> <span class='ocrx_word' id='word_1_183' title='bbox 1308 2770 1327 2825; x_wconf 78' lang='grc' dir='ltr'>ἑ.</span> <span class='ocrx_word' id='word_1_184' title='bbox 1341 2770 1392 2838; x_wconf 63' lang='grc'>’1,</span> <span class='ocrx_word' id='word_1_185' title='bbox 1408 2772 1443 2823; x_wconf 87' lang='lat' dir='ltr'>ita</span> 
     </span>
     <span class='ocr_line' id='line_1_24' title="bbox 328 2856 1441 2927; baseline -0.003 -17"><span class='ocrx_word' id='word_1_186' title='bbox 328 2865 358 2910; x_wconf 94' lang='lat' dir='ltr'>ut</span> <span class='ocrx_word' id='word_1_187' title='bbox 375 2858 408 2910; x_wconf 92' lang='lat' dir='ltr'>ad</span> <span class='ocrx_word' id='word_1_188' title='bbox 425 2858 498 2922; x_wconf 77' lang='grc' dir='ltr'>τῆσδε</span> <span class='ocrx_word' id='word_1_189' title='bbox 516 2858 667 2926; x_wconf 74' lang='lat' dir='ltr'>suppleatur</span> <span class='ocrx_word' id='word_1_190' title='bbox 678 2856 757 2926; x_wconf 83' lang='grc' dir='ltr'>ἡμέρα</span> <span class='ocrx_word' id='word_1_191' title='bbox 769 2874 803 2909; x_wconf 81' lang='lat' dir='ltr'>ex</span> <span class='ocrx_word' id='word_1_192' title='bbox 814 2858 985 2926; x_wconf 89' lang='lat' dir='ltr'>praecedente</span> <span class='ocrx_word' id='word_1_193' title='bbox 996 2857 1083 2927; x_wconf 77' lang='grc' dir='ltr'>ἡμέρη.</span> <span class='ocrx_word' id='word_1_194' title='bbox 1119 2858 1215 2909; x_wconf 82' lang='lat' dir='ltr'>Mirum</span> <span class='ocrx_word' id='word_1_195' title='bbox 1232 2862 1273 2908; x_wconf 90' lang='lat' dir='ltr'>est</span> <span class='ocrx_word' id='word_1_196' title='bbox 1285 2857 1350 2907; x_wconf 83' lang='grc' dir='ltr'>κατὰ</span> <span class='ocrx_word' id='word_1_197' title='bbox 1361 2861 1441 2908; x_wconf 82' lang='grc' dir='ltr'>ταῦτα.</span> 
     </span>
     <span class='ocr_line' id='line_1_25' title="bbox 329 2940 1444 3012; baseline -0.004 -17"><span class='ocrx_word' id='word_1_198' title='bbox 329 2944 399 2995; x_wconf 85' lang='lat' dir='ltr'>Sane</span> <span class='ocrx_word' id='word_1_199' title='bbox 417 2943 521 3012; x_wconf 89' lang='lat' dir='ltr'>quidem</span> <span class='ocrx_word' id='word_1_200' title='bbox 539 2942 637 3009; x_wconf 88' lang='lat' dir='ltr'>aliquid</span> <span class='ocrx_word' id='word_1_201' title='bbox 652 2942 806 3010; x_wconf 81' lang='lat' dir='ltr'>praecedere</span> <span class='ocrx_word' id='word_1_202' title='bbox 823 2948 937 3011; x_wconf 87' lang='lat' dir='ltr'>poterat,</span> <span class='ocrx_word' id='word_1_203' title='bbox 955 2960 1006 3011; x_wconf 92' lang='lat' dir='ltr'>quo</span> <span class='ocrx_word' id='word_1_204' title='bbox 1024 2944 1174 3005; x_wconf 78' lang='lat' dir='ltr'>referretur,</span> <span class='ocrx_word' id='word_1_205' title='bbox 1191 2947 1279 3011; x_wconf 88' lang='lat' dir='ltr'>potest</span> <span class='ocrx_word' id='word_1_206' title='bbox 1291 2943 1373 2996; x_wconf 88' lang='lat' dir='ltr'>etiam</span> <span class='ocrx_word' id='word_1_207' title='bbox 1385 2940 1444 2993; x_wconf 77' lang='grc' dir='ltr'>κατὰ</span> 
     </span>
     <span class='ocr_line' id='line_1_26' title="bbox 329 3017 1443 3096; baseline 0.001 -18"><span class='ocrx_word' id='word_1_208' title='bbox 329 3026 407 3079; x_wconf 78' lang='grc' dir='ltr'>τοῦτοί</span> <span class='ocrx_word' id='word_1_209' title='bbox 430 3027 521 3090; x_wconf 82' lang='lat' dir='ltr'>scribi,</span> <span class='ocrx_word' id='word_1_210' title='bbox 544 3031 573 3078; x_wconf 93' lang='lat' dir='ltr'>ut</span> <span class='ocrx_word' id='word_1_211' title='bbox 594 3027 640 3078; x_wconf 90' lang='lat' dir='ltr'>sit:</span> <span class='ocrx_word' id='word_1_212' title='bbox 664 3027 754 3079; x_wconf 90' lang='lat' dir='ltr'>eodem</span> <span class='ocrx_word' id='word_1_213' title='bbox 772 3028 835 3080; x_wconf 85' lang='lat' dir='ltr'>solis</span> <span class='ocrx_word' id='word_1_214' title='bbox 853 3028 908 3091; x_wconf 78' lang='lat' dir='ltr'>die,</span> <span class='ocrx_word' id='word_1_215' title='bbox 931 3028 976 3080; x_wconf 89' lang='lat' dir='ltr'>sed</span> <span class='ocrx_word' id='word_1_216' title='bbox 999 3029 1166 3080; x_wconf 84' lang='lat' dir='ltr'>verisimilius</span> <span class='ocrx_word' id='word_1_217' title='bbox 1189 3032 1242 3089; x_wconf 93' lang='lat' dir='ltr'>est,</span> <span class='ocrx_word' id='word_1_218' title='bbox 1263 3017 1443 3096; x_wconf 78' lang='lat' dir='ltr'>Porphyrium,</span> 
     </span>
     <span class='ocr_line' id='line_1_27' title="bbox 331 3110 1443 3181; baseline -0.002 -16"><span class='ocrx_word' id='word_1_219' title='bbox 331 3113 376 3181; x_wconf 91' lang='lat' dir='ltr'>qul</span> <span class='ocrx_word' id='word_1_220' title='bbox 392 3113 419 3163; x_wconf 89' lang='lat' dir='ltr'>in</span> <span class='ocrx_word' id='word_1_221' title='bbox 436 3110 596 3180; x_wconf 87' lang='lat' dir='ltr'>praefatione</span> <span class='ocrx_word' id='word_1_222' title='bbox 615 3127 643 3163; x_wconf 86' lang='lat' dir='ltr'>ee</span> <span class='ocrx_word' id='word_1_223' title='bbox 654 3116 737 3164; x_wconf 90' lang='lat' dir='ltr'>metro</span> <span class='ocrx_word' id='word_1_224' title='bbox 751 3112 880 3165; x_wconf 88' lang='lat' dir='ltr'>deficienti</span> <span class='ocrx_word' id='word_1_225' title='bbox 892 3114 1073 3167; x_wconf 85' lang='lat' dir='ltr'>consulturum</span> <span class='ocrx_word' id='word_1_226' title='bbox 1086 3129 1143 3164; x_wconf 90' lang='lat' dir='ltr'>esse</span> <span class='ocrx_word' id='word_1_227' title='bbox 1156 3112 1272 3175; x_wconf 84' lang='lat' dir='ltr'>dixerat,</span> <span class='ocrx_word' id='word_1_228' title='bbox 1290 3128 1396 3164; x_wconf 80' lang='lat' dir='ltr'>versum</span> <span class='ocrx_word' id='word_1_229' title='bbox 1407 3112 1443 3163; x_wconf 91' lang='lat' dir='ltr'>in·</span> 
     </span>
     <span class='ocr_line' id='line_1_28' title="bbox 329 3197 1443 3266; baseline -0.003 -16"><span class='ocrx_word' id='word_1_230' title='bbox 329 3198 432 3251; x_wconf 81' lang='lat' dir='ltr'>venisse</span> <span class='ocrx_word' id='word_1_231' title='bbox 449 3212 571 3248; x_wconf 88' lang='lat' dir='ltr'>mancum</span> <span class='ocrx_word' id='word_1_232' title='bbox 589 3201 615 3248; x_wconf 90' lang='lat' dir='ltr'>et</span> <span class='ocrx_word' id='word_1_233' title='bbox 631 3203 768 3265; x_wconf 87' lang='lat' dir='ltr'>propterea</span> <span class='ocrx_word' id='word_1_234' title='bbox 786 3197 848 3248; x_wconf 82' lang='grc' dir='ltr'>κατὰ</span> <span class='ocrx_word' id='word_1_235' title='bbox 865 3201 944 3249; x_wconf 82' lang='grc' dir='ltr'>ταῦτα</span> <span class='ocrx_word' id='word_1_236' title='bbox 960 3198 1093 3250; x_wconf 86' lang='lat' dir='ltr'>adiecisse.</span> <span class='ocrx_word' id='word_1_237' title='bbox 1127 3197 1194 3249; x_wconf 90' lang='lat' dir='ltr'>Nam</span> <span class='ocrx_word' id='word_1_238' title='bbox 1207 3212 1271 3249; x_wconf 93' lang='lat' dir='ltr'>suus</span> <span class='ocrx_word' id='word_1_239' title='bbox 1285 3198 1380 3266; x_wconf 89' lang='lat' dir='ltr'>cuique</span> <span class='ocrx_word' id='word_1_240' title='bbox 1393 3197 1443 3248; x_wconf 86' lang='lat' dir='ltr'>dies</span> 
     </span>
     <span class='ocr_line' id='line_1_29' title="bbox 330 3280 1444 3351; baseline -0.004 -15"><span class='ocrx_word' id='word_1_241' title='bbox 330 3299 402 3336; x_wconf 87' lang='lat' dir='ltr'>sacer</span> <span class='ocrx_word' id='word_1_242' title='bbox 425 3287 493 3335; x_wconf 87' lang='lat' dir='ltr'>erat:</span> <span class='ocrx_word' id='word_1_243' title='bbox 518 3282 573 3334; x_wconf 85' lang='lat' dir='ltr'>Soli</span> <span class='ocrx_word' id='word_1_244' title='bbox 594 3282 649 3334; x_wconf 90' lang='lat' dir='ltr'>dies</span> <span class='ocrx_word' id='word_1_245' title='bbox 672 3284 748 3347; x_wconf 91' lang='lat' dir='ltr'>solis,</span> <span class='ocrx_word' id='word_1_246' title='bbox 770 3282 860 3335; x_wconf 89' lang='lat' dir='ltr'>Lunae</span> <span class='ocrx_word' id='word_1_247' title='bbox 882 3283 937 3335; x_wconf 86' lang='lat' dir='ltr'>dies</span> <span class='ocrx_word' id='word_1_248' title='bbox 959 3283 1048 3345; x_wconf 87' lang='lat' dir='ltr'>lunae,</span> <span class='ocrx_word' id='word_1_249' title='bbox 1072 3282 1185 3334; x_wconf 85' lang='lat' dir='ltr'>Saturno</span> <span class='ocrx_word' id='word_1_250' title='bbox 1208 3280 1373 3351; x_wconf 79' lang='lat' dir='ltr'>(Rhenoque)</span> <span class='ocrx_word' id='word_1_251' title='bbox 1391 3282 1444 3333; x_wconf 85' lang='lat' dir='ltr'>dies</span> 
     </span>
     <span class='ocr_line' id='line_1_30' title="bbox 330 3366 1445 3436; baseline -0.004 -14"><span class='ocrx_word' id='word_1_252' title='bbox 330 3369 447 3433; x_wconf 83' lang='lat' dir='ltr'>Saturni,</span> <span class='ocrx_word' id='word_1_253' title='bbox 464 3398 498 3407; x_wconf 90' lang='lat'>--</span> <span class='ocrx_word' id='word_1_254' title='bbox 516 3366 563 3420; x_wconf 89' lang='lat' dir='ltr'>hos</span> <span class='ocrx_word' id='word_1_255' title='bbox 577 3368 646 3420; x_wconf 88' lang='lat' dir='ltr'>enim</span> <span class='ocrx_word' id='word_1_256' title='bbox 658 3367 792 3436; x_wconf 87' lang='lat' dir='ltr'>significat</span> <span class='ocrx_word' id='word_1_257' title='bbox 802 3368 866 3420; x_wconf 92' lang='lat' dir='ltr'>illud</span> <span class='ocrx_word' id='word_1_258' title='bbox 879 3366 966 3433; x_wconf 77' lang='grc' dir='ltr'>ἑξείης,</span> <span class='ocrx_word' id='word_1_259' title='bbox 984 3368 1001 3422; x_wconf 91' lang='lat' dir='ltr'>i.</span> <span class='ocrx_word' id='word_1_260' title='bbox 1015 3383 1037 3420; x_wconf 90' lang='lat' dir='ltr'>e.</span> <span class='ocrx_word' id='word_1_261' title='bbox 1056 3372 1082 3419; x_wconf 89' lang='lat' dir='ltr'>et</span> <span class='ocrx_word' id='word_1_262' title='bbox 1099 3368 1135 3419; x_wconf 91' lang='lat' dir='ltr'>sic</span> <span class='ocrx_word' id='word_1_263' title='bbox 1151 3367 1287 3434; x_wconf 84' lang='lat' dir='ltr'>deinceps,</span> <span class='ocrx_word' id='word_1_264' title='bbox 1304 3396 1340 3405; x_wconf 94' lang='lat'>—</span> <span class='ocrx_word' id='word_1_265' title='bbox 1358 3366 1445 3435; x_wconf 87' lang='lat' dir='ltr'>quidni</span> 
     </span>
     <span class='ocr_line' id='line_1_31' title="bbox 329 3451 1444 3521; baseline -0.005 -14"><span class='ocrx_word' id='word_1_266' title='bbox 329 3454 456 3507; x_wconf 85' lang='lat' dir='ltr'>Mercurio</span> <span class='ocrx_word' id='word_1_267' title='bbox 469 3453 523 3505; x_wconf 91' lang='lat' dir='ltr'>dies</span> <span class='ocrx_word' id='word_1_268' title='bbox 535 3453 673 3505; x_wconf 77' lang='lat' dir='ltr'>Mercurii?</span> <span class='ocrx_word' id='word_1_269' title='bbox 698 3452 782 3514; x_wconf 85' lang='lat' dir='ltr'>Quare</span> <span class='ocrx_word' id='word_1_270' title='bbox 795 3454 918 3515; x_wconf 91' lang='lat' dir='ltr'>coniicio,</span> <span class='ocrx_word' id='word_1_271' title='bbox 930 3453 1043 3521; x_wconf 91' lang='lat' dir='ltr'>primum</span> <span class='ocrx_word' id='word_1_272' title='bbox 1055 3452 1082 3503; x_wconf 91' lang='lat' dir='ltr'>in</span> <span class='ocrx_word' id='word_1_273' title='bbox 1095 3451 1199 3504; x_wconf 86' lang='lat' dir='ltr'>oraculo</span> <span class='ocrx_word' id='word_1_274' title='bbox 1211 3451 1295 3503; x_wconf 81' lang='lat' dir='ltr'>luisse</span> <span class='ocrx_word' id='word_1_275' title='bbox 1307 3453 1444 3521; x_wconf 86' lang='lat' dir='ltr'>scriptum:</span> 
     </span>
    </p>

    <p class='ocr_par' dir='ltr' id='par_1_13' title="bbox 583 3534 1190 3619">
     <span class='ocr_line' id='line_1_32' title="bbox 583 3534 1190 3619; baseline -0.005 -30"><span class='ocrx_word' id='word_1_276' title='bbox 583 3538 687 3604; x_wconf 80' lang='grc' dir='ltr'>κληίζειν</span> <span class='ocrx_word' id='word_1_277' title='bbox 706 3536 799 3606; x_wconf 82' lang='grc' dir='ltr'>Ἑρμῆν</span> <span class='ocrx_word' id='word_1_278' title='bbox 816 3538 883 3589; x_wconf 73' lang='grc' dir='ltr'>τοῦδ’</span> <span class='ocrx_word' id='word_1_279' title='bbox 896 3537 984 3607; x_wconf 77' lang='grc' dir='ltr'>ἤματι,</span> <span class='ocrx_word' id='word_1_280' title='bbox 1003 3534 1101 3619; x_wconf 63' lang='grc' dir='ltr'>Ἠέλιον</span> <span class='ocrx_word' id='word_1_281' title='bbox 1119 3534 1145 3587; x_wconf 77' lang='grc' dir='ltr'>δὲ</span> <span class='ocrx_word' id='word_1_282' title='bbox 1164 3576 1190 3587; x_wconf 94' lang='grc'>..</span> 
     </span>
    </p>

    <p class='ocr_par' dir='ltr' id='par_1_14' title="bbox 329 3622 1445 3947">
     <span class='ocr_line' id='line_1_33' title="bbox 385 3622 1445 3691; baseline -0.004 -14"><span class='ocrx_word' id='word_1_283' title='bbox 385 3626 408 3659; x_wconf 90' lang='lat'>¹⁰</span> <span class='ocrx_word' id='word_1_284' title='bbox 425 3624 635 3677; x_wconf 80' lang='lat' dir='ltr'>invocationibus</span> <span class='ocrx_word' id='word_1_285' title='bbox 651 3624 765 3685; x_wconf 90' lang='lat' dir='ltr'>arcanis,</span> <span class='ocrx_word' id='word_1_286' title='bbox 789 3638 899 3691; x_wconf 87' lang='lat' dir='ltr'>quarum</span> <span class='ocrx_word' id='word_1_287' title='bbox 917 3623 1011 3673; x_wconf 86' lang='lat' dir='ltr'>multas</span> <span class='ocrx_word' id='word_1_288' title='bbox 1028 3622 1141 3673; x_wconf 88' lang='lat' dir='ltr'>laminae</span> <span class='ocrx_word' id='word_1_289' title='bbox 1161 3637 1254 3673; x_wconf 84' lang='lat' dir='ltr'>aureae</span> <span class='ocrx_word' id='word_1_290' title='bbox 1276 3622 1445 3689; x_wconf 85' lang='lat' dir='ltr'>plumbeaere</span> 
     </span>
     <span class='ocr_line' id='line_1_34' title="bbox 330 3706 1445 3763; baseline -0.005 0"><span class='ocrx_word' id='word_1_291' title='bbox 330 3710 362 3763; x_wconf 89' lang='lat' dir='ltr'>ad</span> <span class='ocrx_word' id='word_1_292' title='bbox 379 3716 497 3763; x_wconf 87' lang='lat' dir='ltr'>nostram</span> <span class='ocrx_word' id='word_1_293' title='bbox 515 3714 627 3761; x_wconf 87' lang='lat' dir='ltr'>aetatem</span> <span class='ocrx_word' id='word_1_294' title='bbox 644 3710 767 3761; x_wconf 90' lang='lat' dir='ltr'>tulerunt.</span> <span class='ocrx_word' id='word_1_295' title='bbox 801 3706 898 3759; x_wconf 82' lang='lat' dir='ltr'>Earum</span> <span class='ocrx_word' id='word_1_296' title='bbox 914 3707 1042 3759; x_wconf 79' lang='lat' dir='ltr'>uocabula</span> <span class='ocrx_word' id='word_1_297' title='bbox 1059 3707 1168 3758; x_wconf 88' lang='lat' dir='ltr'>barbara</span> <span class='ocrx_word' id='word_1_298' title='bbox 1190 3711 1216 3757; x_wconf 92' lang='lat' dir='ltr'>et</span> <span class='ocrx_word' id='word_1_299' title='bbox 1232 3706 1332 3758; x_wconf 89' lang='lat' dir='ltr'>mirum</span> <span class='ocrx_word' id='word_1_300' title='bbox 1348 3708 1377 3758; x_wconf 92' lang='lat' dir='ltr'>in</span> <span class='ocrx_word' id='word_1_301' title='bbox 1394 3722 1445 3757; x_wconf 92' lang='lat' dir='ltr'>mo·</span> 
     </span>
     <span class='ocr_line' id='line_1_35' title="bbox 330 3792 1445 3863; baseline -0.004 -16"><span class='ocrx_word' id='word_1_302' title='bbox 330 3796 392 3847; x_wconf 90' lang='lat' dir='ltr'>dum</span> <span class='ocrx_word' id='word_1_303' title='bbox 410 3795 520 3847; x_wconf 86' lang='lat' dir='ltr'>conficte</span> <span class='ocrx_word' id='word_1_304' title='bbox 538 3812 619 3863; x_wconf 89' lang='lat' dir='ltr'>quum</span> <span class='ocrx_word' id='word_1_305' title='bbox 636 3793 784 3862; x_wconf 90' lang='lat' dir='ltr'>philosophi</span> <span class='ocrx_word' id='word_1_306' title='bbox 796 3799 909 3855; x_wconf 83' lang='lat' dir='ltr'>veteres,</span> <span class='ocrx_word' id='word_1_307' title='bbox 927 3798 984 3843; x_wconf 91' lang='lat' dir='ltr'>tum</span> <span class='ocrx_word' id='word_1_308' title='bbox 1001 3792 1125 3843; x_wconf 85' lang='lat' dir='ltr'>ecclesiae</span> <span class='ocrx_word' id='word_1_309' title='bbox 1136 3796 1223 3859; x_wconf 85' lang='lat' dir='ltr'>patres</span> <span class='ocrx_word' id='word_1_310' title='bbox 1236 3805 1315 3859; x_wconf 88' lang='lat' dir='ltr'>saepe</span> <span class='ocrx_word' id='word_1_311' title='bbox 1327 3792 1445 3843; x_wconf 86' lang='lat' dir='ltr'>riserunt</span> 
     </span>
     <span class='ocr_line' id='line_1_36' title="bbox 329 3876 1189 3947; baseline -0.005 -16"><span class='ocrx_word' id='word_1_312' title='bbox 329 3880 368 3931; x_wconf 87' lang='lat' dir='ltr'>De</span> <span class='ocrx_word' id='word_1_313' title='bbox 386 3881 505 3947; x_wconf 90' lang='lat' dir='ltr'>precibus</span> <span class='ocrx_word' id='word_1_314' title='bbox 524 3879 633 3946; x_wconf 84' lang='lat' dir='ltr'>magicis</span> <span class='ocrx_word' id='word_1_315' title='bbox 651 3878 676 3929; x_wconf 92' lang='lat' dir='ltr'>h.</span> <span class='ocrx_word' id='word_1_316' title='bbox 694 3880 711 3929; x_wconf 95' lang='lat' dir='ltr'>l.</span> <span class='ocrx_word' id='word_1_317' title='bbox 730 3879 774 3947; x_wconf 85' lang='lat' dir='ltr'>agi</span> <span class='ocrx_word' id='word_1_318' title='bbox 791 3879 832 3931; x_wconf 84' lang='lat' dir='ltr'>vel</span> <span class='ocrx_word' id='word_1_319' title='bbox 850 3876 955 3929; x_wconf 88' lang='lat' dir='ltr'>Ostanis</span> <span class='ocrx_word' id='word_1_320' title='bbox 972 3892 1069 3928; x_wconf 84' lang='lat' dir='ltr'>nomen</span> <span class='ocrx_word' id='word_1_321' title='bbox 1085 3876 1189 3928; x_wconf 86' lang='lat' dir='ltr'>indicat.</span> 
     </span>
    </p>

    <p class='ocr_par' dir='ltr' id='par_1_15' title="bbox 330 3957 1447 4629">
     <span class='ocr_line' id='line_1_37' title="bbox 386 3957 1447 4030; baseline -0.004 -17"><span class='ocrx_word' id='word_1_322' title='bbox 386 3965 407 3997; x_wconf 85' lang='lat'>¹¹</span> <span class='ocrx_word' id='word_1_323' title='bbox 428 3960 480 4013; x_wconf 77' lang='grc' dir='ltr'>ὅστ’</span> <span class='ocrx_word' id='word_1_324' title='bbox 497 3962 525 4012; x_wconf 77' lang='grc' dir='ltr'>ἂν</span> <span class='ocrx_word' id='word_1_325' title='bbox 543 3980 571 4026; x_wconf 91' lang='grc' dir='ltr'>ην</span> <span class='ocrx_word' id='word_1_326' title='bbox 589 3979 635 4030; x_wconf 89' lang='lat' dir='ltr'>pro</span> <span class='ocrx_word' id='word_1_327' title='bbox 649 3960 769 4027; x_wconf 73' lang='grc' dir='ltr'>Ὀστάνην</span> <span class='ocrx_word' id='word_1_328' title='bbox 788 3963 817 4015; x_wconf 88' lang='grc' dir='ltr'>Α.</span> <span class='ocrx_word' id='word_1_329' title='bbox 829 3993 862 4001; x_wconf 95' lang='grc'><strong>-</strong></span> <span class='ocrx_word' id='word_1_330' title='bbox 881 3961 954 4014; x_wconf 86' lang='lat' dir='ltr'>Suid.</span> <span class='ocrx_word' id='word_1_331' title='bbox 968 3978 988 4013; x_wconf 91' lang='lat' dir='ltr'>s.</span> <span class='ocrx_word' id='word_1_332' title='bbox 1007 3957 1169 4030; x_wconf 75' lang='grc' dir='ltr'>ἀστρονομίαε</span> <span class='ocrx_word' id='word_1_333' title='bbox 1188 3961 1284 4027; x_wconf 85' lang='grc' dir='ltr'>πρῶτοι</span> <span class='ocrx_word' id='word_1_334' title='bbox 1296 3960 1447 4029; x_wconf 87' lang='grc' dir='ltr'>Βαβυλώνιοι</span> 
     </span>
     <span class='ocr_line' id='line_1_38' title="bbox 330 4031 1447 4116; baseline -0.003 -17"><span class='ocrx_word' id='word_1_335' title='bbox 330 4048 420 4112; x_wconf 83' lang='grc' dir='ltr'>ταύτην</span> <span class='ocrx_word' id='word_1_336' title='bbox 438 4044 538 4115; x_wconf 74' lang='grc' dir='ltr'>ἐφεῦρον</span> <span class='ocrx_word' id='word_1_337' title='bbox 557 4046 596 4097; x_wconf 84' lang='grc' dir='ltr'>διὰ</span> <span class='ocrx_word' id='word_1_338' title='bbox 613 4045 790 4116; x_wconf 74' lang='grc' dir='ltr'>Ζωροάστρου,</span> <span class='ocrx_word' id='word_1_339' title='bbox 812 4047 864 4115; x_wconf 79' lang='grc' dir='ltr'>μεθ’</span> <span class='ocrx_word' id='word_1_340' title='bbox 883 4039 917 4096; x_wconf 87' lang='grc' dir='ltr'>ὧν</span> <span class='ocrx_word' id='word_1_341' title='bbox 936 4045 976 4097; x_wconf 79' lang='grc' dir='ltr'>καί</span> <span class='ocrx_word' id='word_1_342' title='bbox 993 4031 1125 4110; x_wconf 83' lang='grc' dir='ltr'>Ὀστάνης·</span> <span class='ocrx_word' id='word_1_343' title='bbox 1149 4044 1172 4095; x_wconf 81' lang='grc' dir='ltr'>οἳ</span> <span class='ocrx_word' id='word_1_344' title='bbox 1189 4042 1327 4109; x_wconf 79' lang='grc' dir='ltr'>ἐπέστησαν</span> <span class='ocrx_word' id='word_1_345' title='bbox 1346 4047 1447 4113; x_wconf 85' lang='lat' dir='ltr'>(docue-</span> 
     </span>
     <span class='ocr_line' id='line_1_39' title="bbox 330 4122 1447 4201; baseline -0.007 -14"><span class='ocrx_word' id='word_1_346' title='bbox 330 4135 402 4200; x_wconf 81' lang='lat' dir='ltr'>runt)</span> <span class='ocrx_word' id='word_1_347' title='bbox 420 4136 449 4201; x_wconf 77' lang='grc' dir='ltr'>τῇ</span> <span class='ocrx_word' id='word_1_348' title='bbox 469 4129 569 4199; x_wconf 76' lang='grc' dir='ltr'>οὐρανία</span> <span class='ocrx_word' id='word_1_349' title='bbox 587 4134 676 4195; x_wconf 81' lang='grc' dir='ltr'>κινησει</span> <span class='ocrx_word' id='word_1_350' title='bbox 694 4130 724 4181; x_wconf 84' lang='grc' dir='ltr'>τὰ</span> <span class='ocrx_word' id='word_1_351' title='bbox 742 4130 795 4200; x_wconf 76' lang='grc' dir='ltr'>περὶ</span> <span class='ocrx_word' id='word_1_352' title='bbox 813 4130 869 4190; x_wconf 68' lang='grc' dir='ltr'>τοὺς</span> <span class='ocrx_word' id='word_1_353' title='bbox 882 4130 1037 4199; x_wconf 80' lang='grc' dir='ltr'>τικτομένους</span> <span class='ocrx_word' id='word_1_354' title='bbox 1056 4128 1201 4198; x_wconf 76' lang='grc' dir='ltr'>συμβαίνειν,</span> <span class='ocrx_word' id='word_1_355' title='bbox 1220 4126 1261 4197; x_wconf 79' lang='grc' dir='ltr'>ἀφ’</span> <span class='ocrx_word' id='word_1_356' title='bbox 1275 4122 1310 4180; x_wconf 80' lang='grc' dir='ltr'>ὧν</span> <span class='ocrx_word' id='word_1_357' title='bbox 1322 4128 1447 4200; x_wconf 71' lang='grc' dir='ltr'>Αἰγύπτιοι</span> 
     </span>
     <span class='ocr_line' id='line_1_40' title="bbox 331 4212 1447 4282; baseline -0.005 -11"><span class='ocrx_word' id='word_1_358' title='bbox 331 4219 371 4271; x_wconf 79' lang='grc' dir='ltr'>καί</span> <span class='ocrx_word' id='word_1_359' title='bbox 383 4215 504 4282; x_wconf 79' lang='grc' dir='ltr'>Ἕλληνες</span> <span class='ocrx_word' id='word_1_360' title='bbox 522 4212 634 4275; x_wconf 82' lang='grc' dir='ltr'>ἐδέξαντο</span> <span class='ocrx_word' id='word_1_361' title='bbox 647 4254 653 4265; x_wconf 89' lang='grc'><strong>.</strong></span> <span class='ocrx_word' id='word_1_362' title='bbox 667 4255 672 4265; x_wconf 94' lang='grc'><strong><em>.</em></strong></span> <span class='ocrx_word' id='word_1_363' title='bbox 684 4216 754 4267; x_wconf 85' lang='lat' dir='ltr'>inter</span> <span class='ocrx_word' id='word_1_364' title='bbox 771 4216 866 4282; x_wconf 85' lang='lat' dir='ltr'>Magos</span> <span class='ocrx_word' id='word_1_365' title='bbox 884 4216 1029 4267; x_wconf 88' lang='lat' dir='ltr'>Zoroastris</span> <span class='ocrx_word' id='word_1_366' title='bbox 1048 4229 1211 4267; x_wconf 86' lang='lat' dir='ltr'>successores</span> <span class='ocrx_word' id='word_1_367' title='bbox 1230 4220 1447 4267; x_wconf 85' lang='lat' dir='ltr'>commemoratur</span> 
     </span>
     <span class='ocr_line' id='line_1_41' title="bbox 331 4299 1446 4369; baseline -0.006 -12"><span class='ocrx_word' id='word_1_368' title='bbox 331 4322 347 4357; x_wconf 87' lang='lat' dir='ltr'>a</span> <span class='ocrx_word' id='word_1_369' title='bbox 363 4302 471 4357; x_wconf 88' lang='lat' dir='ltr'>Xantho</span> <span class='ocrx_word' id='word_1_370' title='bbox 489 4300 561 4369; x_wconf 85' lang='lat' dir='ltr'>Lydo</span> <span class='ocrx_word' id='word_1_371' title='bbox 580 4316 622 4368; x_wconf 89' lang='lat' dir='ltr'>ap.</span> <span class='ocrx_word' id='word_1_372' title='bbox 640 4300 716 4368; x_wconf 84' lang='lat' dir='ltr'>Diog.</span> <span class='ocrx_word' id='word_1_373' title='bbox 734 4300 780 4351; x_wconf 85' lang='lat' dir='ltr'>La.</span> <span class='ocrx_word' id='word_1_374' title='bbox 797 4316 912 4367; x_wconf 91' lang='lat' dir='ltr'>prooem.</span> <span class='ocrx_word' id='word_1_375' title='bbox 931 4300 955 4353; x_wconf 73' lang='grc'>2.</span> <span class='ocrx_word' id='word_1_376' title='bbox 989 4300 1133 4352; x_wconf 87' lang='lat' dir='ltr'>Zoroastrie</span> <span class='ocrx_word' id='word_1_377' title='bbox 1156 4299 1189 4350; x_wconf 91' lang='lat' dir='ltr'>ab</span> <span class='ocrx_word' id='word_1_378' title='bbox 1213 4299 1272 4349; x_wconf 87' lang='lat' dir='ltr'>aliis</span> <span class='ocrx_word' id='word_1_379' title='bbox 1296 4299 1446 4368; x_wconf 85' lang='lat' dir='ltr'>discipulus,</span> 
     </span>
     <span class='ocr_line' id='line_1_42' title="bbox 330 4382 1446 4455; baseline -0.008 -13"><span class='ocrx_word' id='word_1_380' title='bbox 330 4391 364 4442; x_wconf 89' lang='lat' dir='ltr'>ab</span> <span class='ocrx_word' id='word_1_381' title='bbox 391 4390 448 4441; x_wconf 92' lang='lat' dir='ltr'>aliis</span> <span class='ocrx_word' id='word_1_382' title='bbox 471 4389 513 4440; x_wconf 81' lang='lat' dir='ltr'>vel</span> <span class='ocrx_word' id='word_1_383' title='bbox 537 4391 690 4455; x_wconf 90' lang='lat' dir='ltr'>praeceptor</span> <span class='ocrx_word' id='word_1_384' title='bbox 713 4383 864 4436; x_wconf 86' lang='lat' dir='ltr'>habebatur.</span> <span class='ocrx_word' id='word_1_385' title='bbox 906 4383 944 4437; x_wconf 83' lang='lat' dir='ltr'>Gi.</span> <span class='ocrx_word' id='word_1_386' title='bbox 967 4384 1067 4439; x_wconf 86' lang='lat' dir='ltr'>Fabric.</span> <span class='ocrx_word' id='word_1_387' title='bbox 1090 4384 1153 4436; x_wconf 90' lang='lat' dir='ltr'>bibl.</span> <span class='ocrx_word' id='word_1_388' title='bbox 1178 4382 1221 4436; x_wconf 86' lang='lat' dir='ltr'>Gr.</span> <span class='ocrx_word' id='word_1_389' title='bbox 1244 4383 1258 4435; x_wconf 95' lang='grc' dir='ltr'><strong>Ι</strong></span> <span class='ocrx_word' id='word_1_390' title='bbox 1280 4400 1338 4451; x_wconf 86' lang='lat' dir='ltr'>cap.</span> <span class='ocrx_word' id='word_1_391' title='bbox 1365 4385 1403 4436; x_wconf 80' lang='lat' dir='ltr'>m</span> <span class='ocrx_word' id='word_1_392' title='bbox 1426 4383 1446 4433; x_wconf 95' lang='grc'><strong>1.</strong></span> 
     </span>
     <span class='ocr_line' id='line_1_43' title="bbox 331 4467 1445 4537; baseline -0.006 -11"><span class='ocrx_word' id='word_1_393' title='bbox 331 4475 417 4527; x_wconf 87' lang='lat' dir='ltr'>Etiam</span> <span class='ocrx_word' id='word_1_394' title='bbox 434 4472 612 4524; x_wconf 86' lang='lat' dir='ltr'>Democritum</span> <span class='ocrx_word' id='word_1_395' title='bbox 630 4471 685 4522; x_wconf 88' lang='lat' dir='ltr'>cius</span> <span class='ocrx_word' id='word_1_396' title='bbox 704 4470 861 4537; x_wconf 90' lang='lat' dir='ltr'>discipulum</span> <span class='ocrx_word' id='word_1_397' title='bbox 877 4468 959 4521; x_wconf 81' lang='lat' dir='ltr'>luisse</span> <span class='ocrx_word' id='word_1_398' title='bbox 976 4469 1168 4523; x_wconf 81' lang='lat' dir='ltr'>fabulabantur.</span> <span class='ocrx_word' id='word_1_399' title='bbox 1202 4468 1298 4523; x_wconf 86' lang='lat' dir='ltr'>Euseb.</span> <span class='ocrx_word' id='word_1_400' title='bbox 1318 4467 1408 4521; x_wconf 88' lang='lat' dir='ltr'>chron.</span> <span class='ocrx_word' id='word_1_401' title='bbox 1425 4468 1445 4519; x_wconf 91' lang='lat' dir='ltr'>l.</span> 
     </span>
     <span class='ocr_line' id='line_1_44' title="bbox 331 4552 1445 4629; baseline -0.006 -17"><span class='ocrx_word' id='word_1_402' title='bbox 331 4557 373 4618; x_wconf 79' lang='lat'>43,</span> <span class='ocrx_word' id='word_1_403' title='bbox 400 4556 466 4610; x_wconf 87' lang='lat' dir='ltr'>Cum</span> <span class='ocrx_word' id='word_1_404' title='bbox 479 4556 575 4610; x_wconf 84' lang='lat' dir='ltr'>Ostane</span> <span class='ocrx_word' id='word_1_405' title='bbox 592 4574 612 4609; x_wconf 87' lang='lat' dir='ltr'>s.</span> <span class='ocrx_word' id='word_1_406' title='bbox 626 4555 721 4622; x_wconf 81' lang='lat' dir='ltr'>Otene,</span> <span class='ocrx_word' id='word_1_407' title='bbox 738 4554 837 4609; x_wconf 88' lang='lat' dir='ltr'>Xerxis</span> <span class='ocrx_word' id='word_1_408' title='bbox 855 4554 920 4607; x_wconf 89' lang='lat' dir='ltr'>duce</span> <span class='ocrx_word' id='word_1_409' title='bbox 938 4570 979 4629; x_wconf 85' lang='lat' dir='ltr'>ap.</span> <span class='ocrx_word' id='word_1_410' title='bbox 991 4554 1112 4609; x_wconf 83' lang='lat' dir='ltr'>Herodot.</span> <span class='ocrx_word' id='word_1_411' title='bbox 1125 4554 1149 4606; x_wconf 80' lang='lat'>7.</span> <span class='ocrx_word' id='word_1_412' title='bbox 1161 4552 1203 4617; x_wconf 83' lang='grc'><strong>61,</strong></span> <span class='ocrx_word' id='word_1_413' title='bbox 1220 4569 1303 4623; x_wconf 89' lang='lat' dir='ltr'>quum</span> <span class='ocrx_word' id='word_1_414' title='bbox 1320 4555 1367 4607; x_wconf 84' lang='lat' dir='ltr'>alii</span> <span class='ocrx_word' id='word_1_415' title='bbox 1380 4569 1445 4606; x_wconf 87' lang='lat' dir='ltr'>com·</span> 
     </span>
    </p>
   </div>
   <div class='ocr_carea' id='block_1_6' title="bbox 0 0 1809 5400">
    <p class='ocr_par' dir='ltr' id='par_1_16' title="bbox 0 0 1809 5400">
     <span class='ocr_line' id='line_1_45' title="bbox 0 0 1809 5400; baseline 0 0"><span class='ocrx_word' id='word_1_416' title='bbox 0 0 1809 5400; x_wconf 95' lang='lat' dir='ltr'> </span> 
     </span>
    </p>
   </div>
  </div>
 </body>
</html>
