3592 5400
759 560 803 604 ns
824 560 1032 606 ussuonmus.
1390 540 1451 606 221

337 720 384 778 die
397 725 459 776 nat.
475 734 538 793 cap.
552 717 569 775 3
586 716 681 774 effert.
708 716 792 791 Quae
807 718 954 775 sententia
969 736 1006 774 ne
1020 717 1058 774 ab
1072 714 1137 792 ipso
1151 716 1265 792 quidem
1278 715 1394 777 Christo
1409 736 1452 776 ev.

336 830 442 888 Matrh.
463 830 512 897 18,
535 821 757 903 leuthone.)
791 827 923 885 Fuerunt
941 827 1044 898 etium,
1067 828 1116 903 qui
1136 827 1340 905 Empedoclem
1362 829 1455 886 secuti

337 941 422 998 binos
442 938 547 1013 cuique
566 937 676 995 homini
691 936 792 1014 genios
810 936 986 1008 tribuerent,
1008 937 1086 995 velut
1101 936 1273 997 Euclides
1289 935 1454 997 Socraticus

335 1069 384 1127 sp.
400 1047 555 1107 Censorio.
571 1048 608 1106 de
622 1047 670 1105 die
685 1055 745 1106 nat.
764 1049 792 1106 3.
828 1045 918 1106 Suom
935 1066 1002 1106 vero
1016 1047 1110 1124 ipsius
1130 1048 1302 1106 seutentiam
1317 1049 1404 1107 Plato
1418 1048 1455 1106 de

336 1159 449 1236 rep-X
467 1158 504 1216 15
520 1176 549 1234 p.
563 1158 622 1216 617
635 1176 652 1215 e
666 1157 820 1233 patefacit:
841 1154 900 1239 οὐχ
911 1155 988 1241 ὑμᾶς
1006 1141 1122 1240 δαίμων
1136 1144 1272 1234 λήξεται,
1293 1151 1361 1216 ἀλλ’
1374 1157 1456 1241 ὑμεῖς

336 1254 469 1352 δαίμονα
483 1259 655 1350 αἱρήσεσθε,
670 1269 850 1343 eandemque
862 1268 966 1325 iterum
982 1267 1106 1342 mythice
1118 1269 1186 1327 ibid.
1201 1269 1260 1327 620
1272 1269 1305 1326 d:
1320 1261 1455 1350 Λάχεσιν
1540 1300 1551 1313 -

338 1371 475 1454 ἑκάστῳ,
491 1369 524 1434 ὃν
538 1373 638 1434 εἵλετο
655 1364 799 1460 δαίμονα,
813 1381 923 1435 τοῦτον
935 1370 1056 1459 ρόλακα
1067 1362 1251 1461 ξυμπέμπειν
1262 1383 1316 1436 τοῦ
1328 1375 1393 1456 βίου
1404 1375 1456 1436 καὶ

338 1482 561 1569 ἀποπληρωτὴν
574 1491 636 1544 τῶν
651 1479 835 1569 αἱρεθέντων.
864 1487 904 1546 Εἰ
914 1487 1005 1565 igitur
1017 1487 1148 1563 „Genius
1160 1490 1383 1564 uniuscuiusque
1394 1491 1456 1547 ani-

337 1617 403 1658 mus
418 1594 591 1657 rationalis“
608 1606 668 1669 est,
683 1606 717 1656 ut
730 1599 773 1656 eit
787 1600 879 1657 Varro
890 1617 938 1674 ap.
951 1599 1104 1677 Angustia.
1117 1599 1152 1657 de
1164 1600 1217 1658 civ.
1229 1600 1275 1658 dei
1289 1601 1317 1671 7,
1333 1602 1381 1670 13,
1396 1599 1416 1659 i.
1429 1618 1455 1659 e.

338 1710 467 1786 impetus
486 1708 616 1779 divinus,
639 1727 696 1784 quo
718 1709 833 1769 animus
855 1709 983 1767 hominis
1004 1710 1040 1766 ad
1063 1709 1300 1769 honestissimum
1322 1712 1457 1787 quodque

339 1821 481 1879 trahatur.
510 1819 601 1894 quue
616 1819 712 1895 ipsum
725 1818 811 1877 Plato
827 1818 858 1876 in
872 1818 951 1878 Tim.
967 1839 995 1895 p.
1010 1821 1049 1878 90
1064 1820 1176 1878 sincere
1190 1821 1311 1878 fatetur:
1326 1816 1457 1903 περὶτοῦ

340 1921 527 2013 κυριωτάτου
547 1921 614 2011 παρ’
634 1928 705 2011 ἡμῖν
724 1917 819 2010 ψυχῆς
838 1912 934 1997 είδους
956 1913 1136 1986 διανοεῖσθαι
1156 1913 1203 1987 δεῖ
1220 1913 1312 2007 τῇδε,
1339 1930 1379 1999 ὠς
1400 1923 1458 2013 άρα

340 2033 416 2098 αὐτό
432 2023 562 2121 δαίμονα
577 2030 643 2106 θεὸς
656 2031 776 2115 ἑκάστῳ
792 2022 934 2096 δέδωκε..
949 2039 1159 2115 Philosophum
1170 2043 1253 2096 πᾶσα
1266 2033 1394 2124 ἀνάγκη,
1410 2037 1458 2098 ἀεὶ

341 2140 550 2233 θεραπεύοντα
567 2142 605 2205 τό
626 2139 704 2205 θεῖον
724 2142 834 2230 έροντά
851 2165 887 2206 τε
908 2142 1000 2206 αὐτόν
1018 2136 1050 2206 εὖ
1063 2141 1148 2231 μάλα
1168 2143 1391 2234 κεκοσμημένον
1405 2144 1458 2208 τόν

342 2243 473 2342 δαίμονα
487 2243 620 2326 ξύνοικον
635 2254 666 2316 έν
681 2256 764 2335 αὐτῷ
780 2243 978 2342 διαφερόντως
992 2242 1157 2342 εὐδαίμονα
1171 2251 1251 2318 εἶναι.

405 2367 465 2430 Sed
480 2367 658 2445 posteriores
672 2368 855 2446 philosophi,
874 2378 908 2428 ut
922 2369 996 2440 dixi,
1011 2370 1145 2430 Platonis
1160 2372 1248 2429 verba
1261 2372 1357 2449 potius
1372 2390 1457 2449 quam

340 2499 509 2560 germanam
524 2479 700 2538 sententiam
714 2481 807 2537 secuti
822 2487 900 2538 suut.
930 2480 984 2537 Vel
999 2481 1196 2551 Xenocrates,
1212 2482 1274 2541 eius
1289 2483 1458 2559 discipulus,

341 2610 430 2668 quum
451 2597 515 2648 octo
534 2590 604 2648 deos
624 2589 754 2649 sidereos
771 2608 852 2661 esse,
872 2597 906 2648 ut
920 2590 1063 2666 epinomis
1078 2611 1107 2668 p.
1124 2593 1185 2650 986
1198 2591 1233 2662 b,
1248 2591 1365 2650 doceret
1384 2585 1458 2671 (Cic.

339 2704 379 2762 de
391 2710 455 2761 nat.
469 2702 548 2760 deor.
567 2705 594 2772 1,
613 2703 661 2772 13,
678 2693 750 2779 34),
770 2695 822 2758 καὶ
840 2704 904 2757 τῶν
922 2699 1040 2784 ἡμερῶν
1058 2695 1114 2770 τάς
1133 2686 1310 2784 ἀποφράδας
1328 2698 1379 2760 καὶ
1398 2708 1460 2761 τῶν

343 2812 454 2897 ἑορτῶν
473 2806 541 2869 ὅσαι
561 2805 681 2895 πληγάς
701 2829 784 2879 τινας
805 2802 825 2875 ἢ
848 2803 1034 2881 κοπετοὺςῆ
1057 2807 1192 2881 νηστείας
1213 2804 1233 2877 ἢ
1254 2796 1422 2897 δυσφημίας
1440 2806 1461 2879 ἢ

342 2916 553 3006 αἰσχρολογίαν
568 2922 698 3004 ἔχουσιν,
719 2916 789 2979 οὔτε
805 2914 881 2979 θεῶν
894 2926 994 3005 τιμαῖς
1008 2917 1079 2980 οὔτε
1094 2908 1244 3006 δαιμόνων
1259 2922 1353 2981 οῐεται
1370 2941 1461 3007 προσ-

342 3033 427 3100 ήκειν
440 3036 591 3115 χρηστῶν,
611 3026 693 3090 ἀλλά
707 3023 781 3089 εἶναι
796 3025 894 3115 φύσεις
909 3028 940 3091 ὲν
953 3036 999 3109 τῷ
1013 3028 1180 3117 περιέχοντι
1194 3028 1329 3118 μεγάλας
1344 3028 1399 3118 μὲν
1411 3031 1462 3092 καὶ

343 3137 476 3227 ἰσχυράς,
497 3126 679 3224 δυστρόπους
696 3158 732 3199 τε
751 3138 803 3199 καὶ
822 3135 1012 3225 σκυθρωπάς,
1033 3144 1067 3201 αῖ
1083 3140 1216 3226 χαίρουσι
1229 3150 1292 3213 τοῖς
1305 3139 1461 3220 τοιούτοις,

343 3250 395 3313 καὶ
408 3246 611 3337 τυγχάνουσαι
624 3246 696 3335 πρὸς
710 3244 797 3310 οὐθὲν
811 3245 888 3309 ἄλλο
899 3258 996 3334 χεῖρον
1007 3246 1174 3335 τρέπονται
1196 3254 1276 3312 Plut.
1287 3255 1323 3312 de
1333 3255 1413 3313 Iside
1422 3257 1461 3314 26

343 3386 373 3443 p.
390 3366 493 3424 3611).
521 3356 664 3431 Φαόλους
679 3355 733 3445 μὲν
748 3346 893 3445 δαίμονας
907 3360 962 3419 οὐκ
977 3347 1186 3444 Ἐμπεδοκλῆς
1200 3357 1290 3445 μόνον
1308 3357 1461 3438 ἀπέλιπεν,

345 3468 427 3534 ἀλλὰ
441 3468 493 3531 καὶ
507 3465 641 3530 Πλάτων
656 3468 707 3531 καὶ
721 3462 957 3554 Ξενοκράτης
974 3467 1025 3529 καὶ
1039 3465 1265 3554 Χρύσιππος,
1281 3473 1326 3531 ἔτι
1341 3458 1376 3531 δὲ
1391 3469 1462 3539 Δη-

345 3580 527 3669 μόκριτος.
555 3585 599 3642 Id.
614 3584 651 3641 de
665 3583 721 3642 dei.
738 3602 831 3641 orceo.
851 3584 887 3641 17
904 3602 933 3659 p.
946 3583 1006 3641 419
1020 3602 1046 3639 a.
1076 3582 1221 3641 Videlicet
1235 3584 1320 3642 Plato
1335 3583 1461 3643 minores

344 3696 412 3754 illos
432 3696 589 3754 daemones
609 3693 640 3751 in
659 3713 726 3752 aere
747 3694 824 3752 circa
838 3712 892 3751 nos
907 3692 1029 3751 volitare
1044 3701 1074 3751 ct
1088 3694 1180 3752 sacris
1195 3695 1386 3770 precibusque
1401 3696 1462 3771 pla·

344 3806 454 3865 candos
465 3823 531 3863 esse
541 3804 662 3863 dixerat.
689 3803 833 3864 Subtilius
845 3804 934 3881 igitur
943 3805 1139 3874 Xenocrates,
1155 3822 1229 3880 quse
1239 3805 1356 3882 generis
1367 3806 1463 3864 cuius·

344 3935 402 3992 que
416 3916 589 3973 daemonum
604 3923 718 3984 essent,
733 3914 876 3974 distinxit.
1163 3983 1165 3985 p

407 4027 456 4085 De
471 4024 609 4085 Stoicis
628 4025 707 4083 Plut.
723 4026 759 4084 de
773 4027 849 4102 plac.
864 4026 972 4101 philos.
992 4028 1017 4096 l,
1035 4027 1052 4085 8
1068 4044 1157 4102 supro
1171 4026 1266 4086 attuli.
1295 4026 1382 4086 Plato
1396 4028 1463 4087 doe-

344 4155 446 4196 mones
461 4136 648 4213 perfectiores
663 4136 694 4193 in
709 4136 827 4194 aethere
840 4136 951 4194 versari
966 4136 1079 4195 dixerat
1092 4146 1122 4195 et
1136 4139 1223 4196 rebus
1233 4137 1368 4196 humanis
1379 4157 1462 4213 prae-

346 4266 427 4320 essc;
448 4245 538 4306 Stoici
560 4242 647 4329 ρασὶν
668 4238 741 4304 εἶναι
761 4241 813 4303 καί
832 4263 914 4314 τινας
934 4230 1077 4329 δαίμονας
1097 4239 1260 4329 ἀνθρώπων
1279 4239 1463 4329 συμπάθειαν

346 4357 485 4440 ἔχοντας,
498 4351 630 4425 ἐπόπτας
641 4361 702 4414 τῶν
714 4348 903 4439 ἀνθρωπείων
914 4351 1100 4441 πραγμάτων
1113 4352 1210 4435 (Diog.
1223 4358 1277 4415 La.
1292 4358 1320 4427 7,
1336 4360 1363 4427 l,
1377 4350 1463 4435 151);

347 4476 379 4525 ut
393 4469 446 4526 ille
460 4468 490 4524 in
508 4465 643 4543 Oratylo,
664 4468 705 4524 ita
719 4466 749 4523 hi
769 4461 867 4549 ἥρωας
881 4462 937 4535 τάς
952 4460 1204 4550 ὑπολελειμμένας
1217 4470 1279 4523 τῶν
1294 4451 1464 4524 σπουδαίων

347 4567 442 4660 ψυχάς
454 4597 520 4637 esse
530 4585 704 4637 censuerunt
715 4569 820 4656 (ibid).
844 4576 1000 4637 Consentit
1009 4577 1245 4654 Posidonius,
1256 4574 1344 4652 quum
1357 4576 1465 4635 scribat
