3592 5400
566 510 661 554 carna
675 511 708 551 11.
731 510 773 552 on
789 509 945 552 mencnuu
959 509 1071 552 roarn.
1087 507 1240 552 cumcun.
1416 487 1457 550 29

336 667 399 722 τῶν
413 647 579 721 Χαλδαίων
592 658 634 721 τὰ
647 658 752 747 λόγια,
767 661 798 720 ἐν
813 651 855 731 οἷς
869 655 1025 747 γεγονέναι
1038 657 1094 727 τὸν
1109 655 1182 727 ὕλην
1195 647 1385 744 ἰσχυρίζεται,
1400 663 1419 721 i.
1432 681 1457 722 e.

338 792 460 850 quorum
480 774 648 832 testimonio
669 775 834 843 confirmat,
855 773 1006 831 materiam
1028 791 1094 832 esse
1113 774 1252 850 genitam.
1280 773 1409 831 Eosdem
1423 774 1459 831 de

338 885 462 944 materia
479 885 570 943 libros
581 885 619 943 ab
631 884 794 962 Augustino
805 884 842 941 de
854 884 908 942 civ.
921 884 968 941 dei
979 885 1018 942 X.
1034 903 1063 959 p.
1078 885 1115 942 27
1130 875 1187 961 (ed.
1200 883 1310 943 Genev.
1322 902 1350 940 a.
1365 875 1458 960 1610)

339 995 498 1072 significari
521 995 660 1053 arbitror:
691 990 775 1068 „Tu“
801 986 979 1072 (Porphyri)
1002 1002 1116 1068 „autem
1136 993 1266 1052 didicisti
1290 995 1345 1052 hoc
1363 1013 1422 1053 non
1442 1012 1461 1052 a

337 1106 479 1175 Platone,
496 1105 548 1164 sed
563 1125 581 1162 a
596 1103 773 1177 Chaldaeis,
784 1105 933 1181 magistris
948 1103 1023 1180 tuis,
1041 1112 1074 1162 ut
1087 1104 1117 1161 in
1132 1105 1285 1163 aethereas
1300 1105 1346 1161 vel
1361 1122 1460 1181 empy-

339 1235 407 1274 reas
422 1215 522 1273 mnndi
537 1215 734 1274 sublimitates
755 1223 785 1272 et
798 1216 982 1272 firmamenta
996 1215 1136 1273 coelestia
1154 1216 1309 1273 extolleres
1323 1215 1395 1278 vitia
1408 1216 1460 1273 hu·

338 1345 442 1396 mana,
458 1333 489 1382 nt
503 1333 625 1402 possent
639 1324 679 1383 dii
695 1326 785 1384 vestri
801 1325 930 1402 theurgis
943 1326 1133 1409 pronuntiare
1144 1325 1255 1384 divina:
1271 1326 1376 1401 quibus
1388 1326 1460 1384 divi·

339 1436 390 1494 nis
404 1444 433 1494 ta
448 1443 547 1493 tamen
562 1455 615 1512 per
628 1436 857 1494 intellectualem
868 1436 958 1494 vitam
968 1436 1041 1494 facis
1053 1435 1201 1506 altiorem,
1209 1443 1250 1496 ,ut
1262 1436 1315 1494 tibi
1327 1436 1461 1495 videlicet

340 1556 479 1622 tanquam
494 1547 669 1623 philosopho
685 1528 851 1622 theurgicae
866 1547 940 1606 artis
955 1546 1143 1622 purgationes
1164 1564 1345 1623 nequaquam
1360 1567 1461 1607 ncces·

340 1657 437 1716 seriae
452 1657 616 1714 videantur:
633 1657 685 1714 sed
699 1656 766 1714 aliis
783 1664 880 1714 tamen
894 1652 1065 1732 importas.“
1083 1657 1125 1714 Et
1139 1676 1168 1732 p.
1183 1656 1238 1715 23:
1257 1657 1359 1731 „Dicit
1372 1657 1461 1717 ctiam

339 1767 537 1844 Porphyrius,
550 1766 656 1825 divinis
669 1767 793 1825 oraculis
805 1765 896 1825 inisse
909 1785 1096 1842 responsum,
1111 1786 1168 1824 non
1181 1786 1235 1826 nos
1247 1768 1365 1844 purgari
1376 1768 1461 1826 lunae

340 1878 441 1936 teletis
460 1885 549 1953 atque
568 1876 655 1948 solis,
675 1885 708 1934 ut
727 1878 796 1935 hinc
815 1877 1032 1946 ostenderetur,
1054 1876 1199 1935 nullorum
1223 1877 1340 1934 deorum
1363 1879 1461 1939 teletis

340 1987 489 2046 hominem
508 2005 596 2063 posse
616 1988 742 2064 purgari.
776 1987 912 2061 Denique
931 1986 1032 2043 eodem
1052 1986 1124 2043 dicit
1143 1987 1258 2044 oraculo
1280 2005 1460 2063 expressum,

340 2097 487 2180 principia
507 2089 541 2172 (i.
555 2117 580 2155 e.
595 2091 650 2165 τὰς
665 2088 774 2178 ἀρχάς)
795 2115 883 2171 posse
902 2092 1050 2172 purgari.“
1086 2096 1178 2154 Porro
1200 2097 1305 2172 quibus
1326 2097 1356 2153 in
1377 2097 1461 2157 libris

342 2207 503 2266 conanae
522 2207 643 2266 oracula
658 2227 677 2264 a
690 2206 855 2282 Porphyrio
875 2185 967 2264 anau
981 2207 1054 2276 sint,
1078 2207 1109 2264 n
1128 2206 1232 2266 iissem
1248 2206 1462 2267 atramentali

341 2317 570 2393 disputationem
584 2308 676 2374 πόθεν
690 2309 732 2373 τὰ
747 2308 829 2372 κακά
849 2309 928 2394 (eon.
944 2319 959 2375 l
977 2316 1027 2375 lib.
1042 2310 1072 2395 8)
1093 2324 1246 2375 tractatam
1258 2337 1332 2376 esse
1345 2321 1461 2379 Aeneas

341 2429 362 2486 l.
385 2422 487 2486 comm}
508 2426 630 2485 tradita
666 2424 798 2502 Scriptus
817 2427 907 2504 igitur
927 2445 993 2485 esse
1012 2435 1148 2503 apparet,
1174 2447 1261 2503 quum
1280 2428 1461 2506 Porphyrius

341 2537 471 2616 Longini
491 2538 624 2597 doctrina
637 2538 695 2595 ianr
710 2543 790 2595 esset
804 2537 943 2596 imbutus.
973 2535 1034 2596 Sed
1054 2556 1142 2596 nosse
1161 2537 1219 2607 iam
1241 2538 1359 2596 oracula
1373 2537 1462 2597 Chal·

342 2648 428 2708 daica
442 2649 580 2720 debebat,
597 2642 715 2708 sirecte
731 2647 766 2705 dc
783 2648 964 2706 oraculorum
975 2647 1141 2707 Zoroastris
1153 2647 1210 2707 fide
1220 2647 1349 2707 iudicare
1360 2649 1460 2711 voluit.

341 2760 507 2820 Zoroastris
533 2759 755 2818 vaticinationes
782 2760 860 2816 ultra
882 2757 1106 2817 Ohaldaicarnm
1128 2759 1270 2817 rationem
1293 2760 1461 2835 procedunt,

342 2871 422 2929 velut
440 2871 616 2947 posteriores
636 2870 714 2926 ultra
733 2870 854 2945 priores.
884 2867 1004 2928 Solebat
1018 2869 1212 2946 Porphyrius,
1234 2889 1291 2946 quo
1311 2878 1374 2929 erat
1388 2872 1462 2931 veri-

343 2982 414 3040 tatis
429 2980 539 3050 studio,
555 2980 695 3054 quidquid
707 2980 744 3037 ad
756 2980 951 3057 cognitionem
962 2980 1195 3057 sapientiamque
1205 2981 1363 3058 perducere
1374 3001 1462 3059 posse

342 3086 501 3161 rideretur,
516 3092 548 3148 in
560 3109 644 3148 usum
656 3108 740 3148 sunm
751 3097 935 3166 convertere,
950 3090 1073 3149 simulac
1084 3099 1195 3151 nosset
1218 3093 1335 3169 Itaque,
1351 3092 1377 3150 si
1392 3093 1462 3168 qnid

342 3203 441 3271 video,
470 3202 505 3259 de
524 3200 648 3259 materia
667 3186 800 3276 scripsit,
820 3208 976 3277 antequam
997 3202 1163 3261 Zoroastris
1185 3221 1285 3261 versus
1307 3203 1463 3281 propagari

343 3312 440 3388 coepti
455 3318 538 3383 sunt;
555 3309 714 3369 chaldaica
725 3312 857 3381 oracula,
873 3330 948 3387 quae
959 3312 1006 3370 vel
1016 3313 1133 3388 linguae
1144 3330 1386 3386 numerorumque
1397 3315 1462 3371 bar-

343 3423 426 3483 barie
440 3421 520 3479 tertii
533 3422 595 3479 fere
615 3422 726 3480 saeculi
747 3421 874 3497 speciem
888 3440 960 3497 prae
974 3440 1007 3479 se
1021 3421 1133 3492 ierunt,
1156 3440 1215 3479 non
1229 3422 1273 3478 ita
1286 3422 1463 3490 multoante

343 3532 539 3610 gnosticorum
558 3532 674 3590 fraudes
690 3531 853 3607 Porphyrio
873 3531 1076 3609 innotuerunt,
1099 3538 1178 3589 certe
1197 3539 1352 3607 postquam
1372 3532 1462 3592 libros

302 3626 306 3631 ⁵
343 3661 373 3699 π.
386 3660 416 3698 τ..
424 3641 459 3700 ἐκ
470 3638 579 3725 λογίων
592 3640 650 3724 φιλ
666 3642 804 3711 confecit,
821 3643 851 3699 in
867 3642 971 3717 quibus
986 3642 1097 3699 nullum
1114 3642 1261 3716 oraculum
1275 3662 1294 3699 a
1305 3640 1462 3702 Chaldaeis

343 3752 516 3823 arcessitur,
538 3772 712 3829 quamquam
728 3752 855 3810 numinis
871 3752 978 3812 Graeci
993 3752 1034 3810 ibi
1050 3752 1217 3811 vaticinatio
1231 3753 1367 3824 affertur,
1388 3773 1462 3829 quae

344 3862 557 3921 Chaldaeorum
582 3872 697 3942 gentem
719 3883 815 3921 rerum
840 3863 1004 3922 divinarum
1025 3864 1235 3939 peritissimum
1259 3883 1326 3924 esse
1348 3866 1463 3941 praedi·

344 3974 438 4031 cabat.
473 3972 632 4033 Chaldaica
653 3975 742 4052 igitur
761 3974 872 4050 placita
893 3974 1053 4051 praeterire
1074 3976 1117 4033 ibi
1136 3982 1195 4034 non
1214 3982 1343 4051 poterat,
1365 3977 1392 4036 si
1412 3996 1463 4049 no·

412 4204 425 4232 ⁸
442 4203 519 4256 Falso
536 4204 617 4273 igitur
630 4204 830 4258 Gildersleevius
849 4204 880 4257 de
891 4204 986 4274 Porph.
998 4207 1066 4258 stud.
1077 4207 1182 4259 Homer.
1194 4222 1220 4275 p.
1231 4206 1248 4258 6
1259 4206 1341 4261 notb
1358 4205 1464 4258 coniicit
1483 4214 1487 4218 ”

344 4289 414 4357 apud
432 4288 542 4341 Suidam
564 4306 585 4341 s.
602 4289 744 4359 Porphyrio
769 4310 786 4351 ς
807 4296 868 4360 post
891 4308 917 4345 π.
936 4291 997 4357 ὕλης
1019 4292 1174 4345 eiiciendum
1195 4307 1253 4343 esse
1275 4297 1301 4343 et
1318 4291 1413 4343 librum
1431 4292 1463 4344 de

343 4373 455 4425 materia
477 4380 578 4443 partem
600 4374 682 4426 fuisse
706 4373 849 4443 συμμίκτων
873 4374 1032 4445 ζητημάτων,
1056 4377 1102 4428 nbi
1124 4377 1203 4428 etiam
1220 4394 1247 4428 π.
1265 4392 1383 4445 γεωμετρ.
1402 4375 1462 4442 ὕλης

344 4472 431 4509 sermo
448 4458 535 4510 fuerit.
550 4460 552 4463 ’
569 4458 604 4510 At
621 4459 673 4511 alia
690 4465 731 4511 est
747 4460 857 4512 materia
873 4459 942 4530 apud
959 4459 1141 4530 philosophos,
1165 4460 1216 4512 alia
1233 4459 1302 4529 apud
1318 4459 1462 4513 mathema-

343 4542 417 4595 ticos.
454 4543 618 4596 Vocabulum
635 4544 717 4608 idem,
735 4559 776 4596 res
791 4543 903 4597 diversa.
