3592 5400
820 636 927 683 nerea.
1303 621 1363 697 ,39

390 830 535 895 arbitrali
556 835 629 895 aunt
650 829 736 914 iprae
758 833 794 893 ut
815 828 961 894 lominum
984 829 1183 895 immortalem
1202 837 1232 895 ol
1250 851 1364 916 equum.

392 969 441 1034 Ex
470 968 518 1034 hie
551 973 633 1056 patet
665 968 867 1056 reponendum
898 990 974 1046 esee,
1010 968 1090 1055 quod
1120 970 1262 1048 fecimus,
1292 965 1362 1036 οἷον
1434 1055 1438 1063 ²

390 1111 572 1192 ἄνθρωπον
596 1105 769 1172 ἀθάνατον
793 1109 848 1170 καὶ
872 1108 989 1172 ἵππον.
1014 1107 1105 1180 Quod
1128 1107 1164 1172 ad
1188 1131 1249 1173 rem
1267 1109 1361 1196 ipsam

390 1246 515 1322 attinet,
545 1245 596 1310 aix
627 1244 751 1323 horum,
781 1251 816 1310 ut
846 1268 927 1311 nunu
957 1247 1109 1333 leguntur,
1133 1247 1296 1334 quidquam
1318 1248 1363 1312 in·

389 1385 489 1472 telligi
520 1389 634 1473 potest3
664 1390 694 1450 et
724 1382 880 1472 biographi
914 1386 971 1472 ipsi
1008 1384 1086 1450 haud
1121 1386 1195 1452 setis
1229 1385 1364 1452 Platonis

391 1523 437 1589 vel
471 1523 644 1588 Aristotelis
677 1521 896 1610 philosophiam
930 1522 1114 1589 intellexisse
1149 1524 1296 1590 videntur.
1330 1525 1364 1591 Si

391 1663 562 1749 conjectura
591 1660 692 1728 louum
715 1662 887 1740 emendare,
909 1669 944 1728 ut
969 1662 1083 1749 aliquid
1104 1663 1304 1751 intelligatur,
1326 1664 1363 1729 li·

390 1807 471 1879 ceat,
504 1801 617 1888 legam:
654 1804 708 1864 καὶ
740 1798 837 1864 ἄλλοι
868 1800 990 1866 ἀΐδια
1021 1804 1165 1885 αἰσθητὰ
1195 1801 1363 1889 ὑπέλαβον

391 1939 492 2016 αὐτάς
526 1940 557 2026 (i.
587 1962 611 2004 e.
642 1942 700 2015 τάς
732 1938 847 2025 ἰδέας).
880 1940 1004 2006 Scilicet
1026 1943 1079 2026 qui
1101 1944 1159 2016 τὰς
1183 1940 1272 2017 ἰδέας
1295 1928 1389 2008 Plu·v

389 2080 487 2157 tonis,
510 2084 679 2164 quaesunt
702 2076 818 2156 ἀΐδιοι,
844 2077 1031 2156 ἀθάνατοι,
1055 2102 1117 2145 non
1140 2078 1363 2168 intelligebant,

390 2243 440 2286 eas
471 2242 540 2284 uum
570 2223 638 2292 τοῖς
668 2220 839 2301 αἰσθητοῖς
862 2217 1092 2305 permiscebant,
1115 2220 1189 2305 quin
1211 2226 1247 2285 nt
1270 2242 1364 2285 unum

391 2358 464 2446 quid
495 2358 633 2443 idemque
659 2355 822 2434 habebant,
843 2362 873 2422 et
895 2357 941 2423 eiu
963 2357 999 2422 ad
1022 2361 1203 2442 ἄνθρωπον
1229 2359 1363 2445 (αἰσθη-

391 2502 450 2563 τὸν
475 2500 521 2582 τι)
543 2496 716 2560 ἀθάνατον
740 2493 861 2578 (α”ἰάιόν
882 2494 932 2584 τι)
952 2499 1007 2559 καὶ
1027 2498 1130 2562 ἵππον
1148 2495 1364 2584 perveniebant.

436 2774 514 2841 Ibid.
545 2773 614 2839 Lin.
640 2778 681 2840 23
705 2778 737 2840 et
759 2796 838 2860 seqq.
861 2775 913 2837 ὃτι
937 2775 998 2858 γάρ
1023 2773 1060 2838 οὐ
1084 2772 1238 2861 βούλεται
1262 2773 1363 2851 αὐτάς

393 2920 584 2981 παντάπασι
614 2916 657 2995 μὴ
689 2905 775 2978 εἶναι
807 2910 903 2996 δηλοῖ
932 2913 968 2977 ἓν
999 2918 1067 2987 τοῖς
1097 2915 1228 2991 ἠθικοῖς
1259 2912 1363 2992 λέγων

391 3052 411 3117 δ
425 3099 555 3116 ......
570 3046 656 3117 εἶναι
673 3056 733 3133 τὴν
750 3049 844 3125 τάξιν
863 3055 922 3132 τὴν
939 3053 999 3133 μὲν
1013 3052 1048 3116 ἐν
1062 3056 1107 3135 τῷ
1121 3057 1290 3137 στρατηγῷ
1302 3056 1363 3135 τὴν

392 3190 427 3256 δὲ
459 3192 494 3258 ἓν
526 3198 571 3274 τῷ
600 3187 809 3276 στρατοπέδῳ
833 3192 888 3253 καὶ
913 3191 1024 3256 αἰτίαν
1030 3237 1362 3254 ..............

394 3330 521 3393 ...καὶ
553 3329 588 3394 ἓν
621 3336 672 3411 τῇ.
703 3329 753 3393 Ita
783 3327 850 3393 MS.
883 3328 1026 3416 Supplevi
1057 3327 1170 3408 διττὴν
1198 3335 1228 3394 et
1251 3331 1363 3394 αἰτίαν

393 3461 479 3534 εἶναι
510 3471 630 3551 ταύτης
662 3464 803 3550 ἐκείνην.
836 3466 907 3531 Vid.
931 3467 1016 3533 Vere.
1040 3465 1078 3531 V.
1102 3465 1139 3531 L.
1161 3465 1213 3532 ubi
1236 3466 1365 3554 legimus

392 3608 543 3694 duplicem
567 3628 631 3672 eme
653 3608 785 3673 ordimem
809 3610 838 3671 et
858 3606 989 3671 alterum
1008 3629 1072 3672 eme
1092 3628 1214 3671 ιιιιιιανι
1226 3607 1365 3672 alteriue.

393 3748 455 3812 cfr.
488 3745 662 3812 Aristotelis
693 3744 824 3833 Metapb.
853 3744 911 3810 XI.
935 3748 986 3810 10.
1011 3743 1223 3810 intumentium
1249 3744 1283 3810 il
1308 3747 1364 3809 καὶ

392 3882 534 3970 ποτέρως
565 3882 631 3969 ἔχει
662 3890 683 3965 ἡ
714 3891 770 3951 τοῦ
799 3881 877 3947 ὅλον
909 3890 1002 3966 φάσις
1034 3888 1069 3948 τὸ
1092 3883 1223 3961 ἀγαθὸν
1247 3886 1303 3947 καὶ
1328 3887 1364 3948 τὸ

391 4027 540 4109 ἄριστον,
577 4026 713 4106 πότερον
748 4020 983 4107 κεχωρισμένον
1018 4047 1050 4096 τι
1083 4024 1138 4086 καὶ
1171 4020 1250 4086 αὐτὸ
1283 4029 1364 4086 καθ’

350 4168 355 4179 “
392 4162 471 4226 αὑτὸ
501 4167 523 4245 ἦ
551 4164 612 4243 τὴν
635 4159 743 4239 τάξιν,
767 4165 788 4242 ἤ
811 4159 1011 4246 ἀμφοτέρως,
1037 4161 1142 4245 ὥσπερ
1167 4165 1361 4245 στράτευμα·

392 4305 447 4367 καὶ
478 4303 540 4385 γὰρ
572 4301 606 4366 ἓν
638 4306 678 4383 τῇ
707 4298 797 4374 τάξει
828 4304 864 4364 τὸ
897 4292 934 4365 εὖ
964 4303 1019 4364 καὶ
1051 4302 1281 4384 ὁστρατηγὸς,
1307 4302 1362 4363 καὶ

369 4438 517 4525 ,μᾶλλον
549 4423 654 4513 οὗτος·
686 4436 723 4502 οὐ
758 4440 819 4523 γάρ
854 4422 948 4513 οὗτος
983 4437 1038 4502 διὰ
1070 4442 1130 4519 τὴν
1162 4436 1258 4513 τάξιν
1290 4435 1364 4502 ulll’
