3592 5400
618 503 715 546 canor
729 503 757 546 v.
781 502 823 543 nn
839 502 1043 544 onrccuorrurr
1058 502 1178 545 ιιετιιισ.
1415 483 1433 543 7
1436 482 1456 543 9

336 647 498 713 ἀποθανὼν
511 660 554 739 γῇ
567 647 793 737 καλυφθήσεται
805 648 943 732 Λιβύσσῃ
958 662 988 712 et
1003 674 1030 730 q.
1042 673 1066 714 s.
1078 655 1257 713 Pausaniam
1269 652 1376 715 Snidas
1392 673 1416 714 s.
1430 674 1454 715 r.

336 757 468 842 Ἀννίβας
481 784 511 842 p.
524 766 595 824 435.
611 767 646 823 11
664 765 699 824 B.
716 765 864 824 exscribit.
887 765 989 823 Tuetz.
1005 765 1073 822 chil.
1093 767 1118 822 l.
1136 765 1211 823 tas:

491 874 564 935 αὐτὸς
583 875 610 926 δὲ
627 873 756 945 φάρμακον
773 874 836 926 πιὼν
854 875 951 940 θνήσκει
968 875 1029 944 προς
1048 873 1165 942 Βιθυνίαν,

492 961 553 1029 πρός
570 977 594 1010 τι
611 959 704 1030 χωρίον
723 959 845 1027 Λίβυσσαν
864 999 888 1014 ..

491 1039 520 1108 ἦν
538 1040 586 1114 γὰρ
604 1042 704 1113 Ἀννίβᾳ
721 1062 755 1105 τις
773 1043 886 1115 χρησμὸς
905 1044 972 1094 oltra
990 1062 1042 1104 πως
1061 1044 1241 1114 γεγραμμένος.
1261 1047 1287 1096 A.
1299 1064 1320 1096 κ.
1332 1045 1353 1112 β.
1364 1043 1398 1096 ’.1.
1409 1044 1431 1096 θ.

337 1151 437 1212 Schol.
449 1153 551 1212 Tzetz.
567 1152 599 1211 iu
611 1151 740 1211 Oranteri
755 1153 855 1212 anecd.
873 1151 968 1213 Oxou.
986 1156 1002 1211 3
1019 1174 1049 1231 p.
1064 1155 1140 1212 353:
1155 1148 1192 1211 τύ
1208 1157 1258 1210 νῦν
1273 1147 1458 1237 καλούμενον

336 1258 380 1320 τὰ
387 1256 525 1334 Βουτίου,
540 1261 580 1331 ὡς
591 1254 735 1344 Ἀρριανὸς
750 1261 780 1320 ἐν
791 1255 978 1331 Βιθυνιακοῖς
988 1257 1103 1345 γράφει
1119 1261 1221 1339 Steph.
1230 1263 1301 1339 Byz.
1310 1257 1458 1340 Λίβυσσα,

338 1365 476 1454 φρούριυν
490 1364 626 1440 Βιθυνίας
641 1363 861 1430 ἐπιθαλάσσιον.
893 1373 971 1432 Pliu.
988 1381 1048 1432 nat.
1064 1374 1134 1431 hist.
1151 1375 1179 1431 5.
1197 1374 1252 1432 45:
1271 1374 1357 1447 „Fuit
1372 1383 1402 1432 et
1417 1369 1458 1452 (in

336 1475 491 1560 Bithynia)
506 1482 635 1557 Libyssa
649 1482 803 1560 oppidum,
820 1482 870 1542 ubi
886 1501 964 1541 nunc
977 1483 1155 1542 Hannibalis
1169 1490 1283 1542 tantum
1298 1484 1456 1543 tumulus.“

337 1594 429 1666 Atqui
450 1611 538 1668 quum
554 1591 731 1650 Graecorum
751 1593 798 1650 dei
813 1594 911 1651 verbis
930 1594 1075 1652 ferrentur
1088 1612 1136 1652 res
1151 1594 1262 1653 futuras
1281 1595 1457 1671 praedicere,

337 1706 464 1761 Ammon
480 1701 570 1779 signis
585 1710 698 1760 tantum
713 1704 848 1761 utebatur
853 1724 862 1773 ;
877 1702 908 1759 id
922 1711 968 1761 est
983 1703 1170 1762 simulacrum
1185 1704 1248 1762 eius
1263 1706 1300 1762 ab
1312 1705 1459 1782 octoginta

338 1813 541 1871 sacerdotibus
555 1814 739 1888 portabatur3
759 1831 816 1887 quo
831 1813 966 1870 trahebat
980 1812 1054 1870 forte
1069 1813 1249 1883 sacerdotes,
1265 1814 1333 1871 iude
1348 1814 1459 1871 diviua-

338 1925 391 1982 bat
410 1923 545 1980 antistes·
575 1922 695 1980 Diodor.
712 1923 759 1979 17.
773 1923 823 1980 50.
837 1930 909 1979 extr.
928 1915 1102 1998 (exscriptus
1117 1942 1136 1980 a
1151 1920 1251 1980 Curtio
1267 1925 1297 1980 4.
1312 1924 1340 1980 7.
1354 1916 1410 2001 24)
1431 1932 1460 1981 et

340 2031 447 2092 Strabo
466 2033 514 2090 17.
529 2052 559 2108 p.
573 2034 633 2090 814
645 2051 672 2089 a.
701 2031 841 2090 Versibus
860 2031 968 2088 factam
988 2049 1054 2089 esse
1072 2033 1232 2108 prophetae
1246 2032 1460 2107 interpretatio-

339 2162 408 2200 nem
427 2161 511 2199 nemo
531 2142 629 2200 tradit.
661 2141 740 2216 Quid
761 2141 872 2198 multa?
901 2141 1026 2218 Propter
1046 2141 1155 2199 similia
1172 2142 1285 2218 patriae
1304 2143 1460 2218 oppidique

339 2253 471 2311 funebris
492 2253 609 2310 nomina
628 2252 776 2310 hominum
797 2251 954 2310 otiosorum
974 2267 1094 2309 acumen
1109 2253 1274 2330 ambiguam
1288 2253 1460 2329 excogitavit

340 2363 589 2422 vaticinationem.

880 2464 927 2522 16.

405 2599 503 2658 Verba
512 2594 568 2664 τήν
580 2591 797 2681 εὐρυγάστορα,
813 2617 887 2673 quae
903 2617 939 2654 ex
950 2599 1065 2656 oraculo
1076 2598 1174 2674 aliquo
1185 2599 1357 2670 afferuntur,
1373 2600 1460 2658 hexa-

340 2719 465 2769 metrum
485 2718 635 2785 respuunt.
665 2709 756 2785 Hyllo
775 2710 941 2785 Apollinem
961 2710 1099 2784 Pythium
1124 2711 1319 2785 Apollodorus
1341 2712 1368 2770 2.
1391 2714 1419 2771 8.
1442 2714 1459 2770 7

341 2823 378 2879 de
398 2818 619 2878 Heraclidamm
641 2819 735 2876 reditu
754 2820 942 2877 vaticinatum
958 2838 1023 2878 esse
1042 2821 1145 2878 tradit:
1166 2816 1390 2903 περιμείναντας
1408 2816 1461 2879 τὸν

341 2927 442 3013 τρίτον
458 2924 572 3012 καρπὸν
586 2922 790 3011 κατέρχεσθαι
814 2926 979 2989 Obsecutos
994 2929 1167 2990 Heraclidas
1184 2932 1270 2988 tertio
1290 2952 1366 2991 anno
1386 2932 1462 2991 redi·

342 3049 405 3099 tum
438 3058 574 3117 parasse3
608 3040 660 3097 sed
684 3040 760 3097 victo
791 3040 944 3116 occisoque
964 3042 1166 3100 Aristomacho
1197 3062 1215 3099 a
1240 3043 1462 3119 Peloponnesiis

342 3170 432 3226 quum
459 3150 607 3229 Temenus
640 3150 745 3207 iterum
777 3151 863 3208 deum
897 3152 1091 3211 consuluisset
1121 3152 1256 3227 idemque
1287 3173 1459 3230 responsum

342 3262 474 3330 tulisset,
489 3261 654 3336 Apollinem
670 3260 804 3317 fallaciae
818 3269 984 3319 accusatum
999 3281 1018 3318 a
1032 3262 1177 3332 Temeno,
1193 3262 1303 3320 dixisse
1317 3267 1378 3319 τῶν
1390 3261 1462 3320 ἀτυ-

343 3362 490 3452 χημάτων
511 3363 618 3439 αὐτοὺς
640 3365 750 3438 αἰτίους
770 3361 858 3426 εἶναι·
878 3365 948 3438 τούς
967 3365 1025 3453 γάρ
1045 3365 1192 3452 χρησμοὺς
1212 3368 1246 3427 οὐ
1267 3366 1462 3453 συμβάλλειν·

344 3473 443 3563 λέγειν
458 3474 515 3563 γάρ
531 3476 565 3537 οὐ
581 3483 649 3562 γῆς,
671 3474 751 3536 ἀλλά
770 3482 874 3562 γενεᾶς
894 3473 1009 3561 καρπὸν
1022 3475 1136 3561 τρίτον,
1156 3475 1207 3535 καὶ
1226 3475 1388 3564 στενυγρὰν
1407 3476 1462 3546 τὴν

345 3584 564 3673 εὐρυγάστορα,
589 3573 688 3658 δεξιάν
708 3582 789 3646 κατά
808 3583 861 3645 τὸν
882 3580 994 3671 Ἰσθμὸν
1015 3588 1113 3669 ἔχοντι
1132 3583 1187 3654 τὴν
1208 3582 1369 3647 θάλασσαν.
1398 3591 1464 3648 Ηοο

344 3701 486 3776 Tryphon
501 3700 630 3775 respexit
644 3699 679 3756 de
695 3699 785 3774 tropis
800 3699 831 3755 in
845 3699 933 3755 rhett.
947 3698 999 3758 Gr.
1016 3701 1033 3756 8
1054 3719 1083 3775 p.
1098 3700 1157 3758 738
1171 3700 1279 3769 Walz„
1299 3701 1349 3759 ubi
1363 3719 1463 3759 voeem

345 3801 536 3891 εὐρυγάστωρ
562 3829 614 3885 pro
640 3809 713 3865 mari
739 3809 845 3866 dictam
871 3827 937 3867 esse
963 3817 1175 3869 commemorat.
1214 3810 1380 3886 Hesychius
1409 3804 1461 3888 (cf.

346 3910 473 3995 Schow.)
494 3911 680 4001 ἐρυγάστωρ,
702 3911 951 4002 μεγαλογάστωρ.
985 3918 1072 3993 Quod
1092 3940 1149 3977 uon
1170 3921 1269 3980 dubito
1290 3921 1359 3996 quin
1382 3918 1463 4001 εὐρυ-

344 4021 468 4111 γάστωρ
484 4028 670 4087 scribendum
691 4028 738 4086 sit.
770 4026 929 4085 Oraculum
944 4026 981 4087 Ο.
998 4030 1123 4087 Mueller
1141 4031 1177 4088 de
1191 4031 1264 4090 Dor.
1280 4052 1308 4107 p.
1327 4032 1364 4089 57
1382 4034 1426 4089 ed.
1446 4036 1459 4090 1

345 4157 383 4195 ex
403 4138 551 4215 tragoedia
571 4139 669 4215 aliqua
688 4141 724 4197 ab
739 4138 916 4213 Apollodoro
936 4139 1091 4215 repetitum
1106 4141 1192 4199 etita
1209 4142 1270 4198 fere
1284 4142 1463 4218 processisse

343 4249 518 4307 arbitraturr

549 4345 630 4420 γενεὰς
648 4345 708 4421 γάρ,
728 4349 756 4400 οὐ
776 4352 819 4419 γῆς
838 4350 932 4423 καρπὸν
950 4350 1043 4413 ἐξεῖπον
1062 4352 1150 4425 τρίτον,

551 4434 591 4485 καλ
608 4433 650 4501 τὴν
669 4426 799 4505 στενυγρὴν
818 4430 848 4486 αὐ
867 4436 909 4486 rba
927 4433 1094 4507 εὐρυγάστορα

550 4547 584 4557 ·-·
601 4516 691 4588 ἔχοντα
709 4516 771 4570 κατὰ
788 4519 830 4570 τὸν
848 4518 947 4587 Ἰσθμὸν
965 4519 1049 4581 δεξιάν.
