3592 5400
524 506 621 551 carun
635 507 675 550 ιν.
699 507 741 550 ns
756 506 961 551 omcuuonun
975 508 1174 554 consuamus.
1364 490 1406 554 49

288 661 421 737 scripsit,
441 668 504 719 tum
522 680 553 719 π.
572 657 757 745 χρηστηρίων
776 655 897 721 πάντων
919 648 1114 748 (annotavi)
1138 659 1238 741 βιβλία
1256 660 1337 748 τρία·
1357 661 1408 723 καὶ

289 763 370 828 ἄλλα
381 769 512 829 πλεῖστα
522 770 638 841 ἐπικῶς.
657 774 703 831 Ad
718 773 785 831 illos
796 774 887 833 libros
895 775 1073 833 Tertulliani
1084 777 1173 832 verba
1185 768 1232 851 (de
1242 776 1343 833 anima
1354 769 1407 854 tt)

288 881 397 940 refero:
419 881 539 955 „Celtas
559 884 637 959 apud
658 884 782 942 virorum
801 884 920 943 fortium
939 886 1026 944 busta
1046 886 1146 943 eadem
1166 887 1203 943 de
1218 883 1325 945 causa“
1347 887 1367 946 i.
1381 906 1406 947 e.

289 994 470 1051 oraculomm
485 1011 588 1064 causa,
611 997 801 1068 „obnectere‚
824 1003 857 1053 ut
871 995 1022 1054 Nicander
1040 994 1197 1054 affirmat.“
1230 995 1262 1056 Si
1277 996 1408 1055 indidem

288 1103 430 1162 Nicandri
443 1104 479 1162 fr.
493 1105 533 1162 20
546 1098 604 1181 (ap.
616 1105 730 1163 Aelian.
743 1106 779 1163 de
791 1113 850 1165 nat.
864 1106 952 1165 anim.
968 1109 1016 1165 10.
1030 1099 1082 1182 49)
1094 1107 1250 1183 repetitum
1262 1115 1320 1176 est,
1333 1107 1409 1165 liber

288 1216 325 1272 de
341 1215 465 1274 oraculis
480 1208 596 1273 carmen
613 1215 668 1273 snit
682 1216 818 1292 elegiacis
835 1216 963 1275 numeris
976 1217 1125 1292 scriptum.
1149 1218 1261 1277 Versus
1277 1226 1345 1276 sunt
1360 1219 1406 1277 hi:

494 1325 547 1378 Οὐκ
565 1323 616 1396 ἔχις
635 1325 692 1378 οὐδὲ
711 1324 836 1396 φάλαγγες
854 1325 970 1397 ἀπεχθέες
989 1325 1046 1379 οὐδὲ
1064 1327 1191 1395 βαθυπλὴξ

561 1409 657 1462 ἄλσεσιν
676 1411 782 1482 ειίζῳος1
803 1412 921 1482 σκορπίος
939 1411 963 1463 ἐν
981 1412 1107 1482 Κλαρίοις,

493 1496 588 1564 Φοῖβος
606 1493 656 1546 ἐπεί
675 1495 697 1565 ῥ’
710 1495 811 1547 αὐλῶνα
829 1496 904 1569 βοιδίων
923 1496 1029 1568 μελίαισι
1047 1498 1158 1568 καλύψας

560 1580 662 1650 ποιηρὸν
681 1578 785 1632 δίιπεδον
805 1581 874 1647 θῆκεν
893 1579 948 1641 ἑκὰς
968 1582 1084 1633 δακετῶν.

288 1710 334 1768 Ad
350 1709 596 1786 metamorphoses
612 1716 690 1766 certe
705 1708 780 1767 salso
795 1729 813 1766 a
827 1709 861 1768 F.
875 1707 906 1768 S.
919 1709 1043 1767 Lehrsio
1062 1709 1093 1767 iu
1109 1711 1153 1768 ed.
1165 1720 1255 1788 poett.
1268 1714 1362 1772 bucol.
1379 1723 1408 1772 et

288 1821 394 1878 didact.
407 1819 561 1878 Parisinae
576 1840 602 1877 a.
620 1820 699 1878 1846
711 1839 740 1895 p.
758 1821 813 1878 161
833 1819 1011 1877 referuntur:
1033 1840 1101 1878 nam
1117 1821 1172 1879 hoc
1187 1841 1302 1881 carmen
1318 1825 1407 1883 versi-

288 1933 344 1990 bus
360 1931 450 2008 epicis
466 1930 633 1989 constitisse
649 1930 754 1988 Athen.
769 1931 786 1989 3
803 1950 832 2007 p.
847 1931 885 1989 82
899 1949 926 1986 a.
943 1931 1080 1990 ostendit.
1108 1933 1155 1990 An
1170 1931 1244 1990 forte
1259 1934 1295 1990 de
1311 1934 1407 2011 supel-

287 2042 387 2099 lectile
402 2041 480 2118 egit?
508 2039 552 2100 Cf.
571 2041 647 2098 infra
661 2062 690 2118 p.
708 2042 757 2100 52.

352 2151 395 2211 Ut
415 2158 562 2210 transeam
584 2152 620 2209 ad
641 2171 705 2222 eos,
733 2152 782 2227 qui
804 2151 839 2209 de
860 2152 984 2230 singulis
1006 2151 1130 2211 oraculis
1152 2152 1346 2230 scripserunt,
1370 2156 1406 2213 ad

287 2262 448 2321 Alexandri
463 2263 503 2319 M.
525 2270 651 2320 aetatem
671 2263 783 2320 recedo.
817 2262 1025 2339 Theopompus
1047 2264 1125 2321 enim
1145 2284 1240 2322 rernm
1259 2265 1407 2344 ‘Philippi-

289 2393 388 2431 carum
404 2373 542 2450 scriptor,
558 2373 607 2448 qui
624 2393 765 2451 responsa
779 2373 877 2430 divina
891 2374 951 2431 alia
965 2375 1032 2432 aliis
1048 2375 1131 2433 libris
1147 2370 1406 2447 commemoravit²,

289 2485 365 2542 libro
387 2491 486 2542 octavo
506 2484 542 2541 de
562 2484 632 2541 belli
653 2484 728 2542 sacri
750 2484 845 2542 causis
866 2503 957 2563 agens
978 2485 1009 2541 in
1029 2485 1175 2562 Apollinis
1197 2504 1231 2542 ac
1250 2487 1406 2545 multorum

288 2594 453 2665 hominum,
474 2595 553 2651 velut
571 2594 763 2670 PherecydiS,
783 2592 982 2672 Pythagorae,
1004 2594 1201 2671 Epimenidis,
1224 2594 1415 2707 Oromasdisp

286 2766 423 2835 phnnium.
453 2765 580 2819 Videlicet
597 2767 688 2819 Clarus
705 2783 785 2835 prope
803 2783 819 2820 a
837 2765 988 2835 Colophone
1006 2768 1108 2831 aberat,
1126 2767 1302 2837 Xenophanes
1319 2775 1407 2824 antem

288 2850 465 2921 Colophonius
478 2852 593 2904 Damaeo
612 2857 667 2904 erat
683 2852 815 2904 celebrior.
846 2852 960 2910 Clarium
976 2852 1032 2921 ipse
1044 2852 1173 2906 Nicander
1189 2870 1217 2905 se
1234 2852 1343 2909 theriaa
1357 2855 1407 2907 958

288 2937 363 3001 dicit,
382 2953 494 3005 quocum
512 2938 566 2989 vita
577 2937 632 2989 Nic.
646 2937 781 2991 consentit.
817 2936 851 2988 Ut
862 2936 1004 3005 Dionysius
1016 2937 1148 2989 Phasehta
1159 2939 1187 2989 in
1201 2940 1267 2991 libro
1281 2940 1312 2990 de
1324 2941 1407 3009 poetis

288 3038 350 3074 eum
368 3021 463 3073 diceret
479 3019 543 3090 ἱερέα
560 3020 668 3090 Κλαρίου
683 3020 856 3088 Ἀπόλλωνος,
874 3018 901 3071 ἐκ
919 3023 1050 3091 προγόνων
1069 3020 1197 3091 δεξάμενον
1215 3022 1258 3090 τὴν
1275 3022 1407 3093 ἱερωσύνην

288 3108 326 3173 (in
345 3107 399 3158 nita
415 3106 472 3160 Nic.
492 3112 518 3157 et
535 3123 576 3175 ap.
595 3106 762 3175 Eudociam),
779 3108 932 3159 movebatur
949 3108 1020 3159 mala
1034 3108 1155 3177 Alexiph.
1173 3126 1197 3161 ν.
1209 3109 1238 3160 ll
1256 3109 1407 3179 interpreta-

287 3193 372 3256 tione,
392 3192 437 3244 nbi
454 3191 528 3245 codd.
548 3197 574 3242 et
590 3192 744 3243 Eutecnius:

527 3274 637 3343 ἑζόμενοι
654 3277 795 3345 τριπόδεσσι
812 3275 879 3347 παρὰ
897 3276 1011 3346 Κλαρίοις
1030 3274 1157 3345 Ἑκάτοιο,

288 3362 305 3416 i.
317 3379 340 3416 e.
360 3362 469 3426 Creusa,
487 3359 606 3424 Xuthus‚
625 3361 684 3424 lou,
702 3366 790 3412 textus
811 3362 932 3429 vulgatus
950 3377 1011 3412 vero
1030 3359 1156 3429 ἑζόμενος,
1175 3378 1253 3429 quem
1265 3360 1406 3431 Dionysius

289 3453 350 3499 ante
367 3448 456 3500 oculos
472 3446 571 3498 habult.
606 3446 738 3498 Intellexit
753 3444 772 3499 l.
788 3445 819 3498 G.
834 3444 975 3497 Schneider
992 3446 1019 3519 in
1032 3444 1154 3496 Nicandri
1170 3444 1283 3514 alexiph.
1296 3446 1336 3499 ed.
1349 3446 1406 3499 Hal.

289 3550 313 3587 a.
326 3532 391 3585 1792
408 3550 433 3601 p.
446 3531 487 3584 83.
522 3531 592 3593 Sane
615 3531 720 3599 quidem
741 3530 808 3582 Plut.
832 3530 863 3581 de
886 3530 936 3581 dei.
956 3545 1039 3583 oracc.
1057 3529 1089 3581 51
1108 3548 1133 3598 p.
1148 3529 1199 3581 438
1221 3536 1321 3595 narrat,
1345 3532 1407 3599 quid

288 3616 397 3686 Pythiae
413 3622 550 3686 praesente
568 3616 696 3667 Nicandro
714 3613 842 3684 propheta
860 3614 993 3678 acciderit3
1011 3620 1038 3665 at
1054 3630 1137 3683 nuper
1153 3614 1202 3666 hoc
1220 3615 1344 3687 accidisse
1362 3618 1407 3680 ait,

289 3708 315 3753 et
328 3701 358 3753 de
370 3700 477 3770 Delphis
490 3702 612 3769 loquitur,
626 3718 679 3752 non
691 3702 722 3753 de
735 3700 822 3765 Claro,
836 3700 881 3752 ubi
894 3716 950 3751 mas
963 3698 1151 3750 vaticinabatur
1164 3699 1236 3769 (Tac.
1247 3715 1307 3754 ann.
1318 3700 1341 3751 2.
1352 3700 1405 3769 54).

359 3787 366 3818 ¹
392 3785 436 3837 Sic
453 3785 601 3838 Bernartius
619 3803 666 3854 pro
685 3783 791 3855 ἐνζῴοις.
1034 3789 1036 3791 ’

358 3870 369 3903 ²
390 3870 421 3923 In
443 3871 554 3923 librato
571 3888 661 3925 versus
685 3871 716 3922 de
734 3870 889 3923 inveniendo
907 3886 970 3921 auro
989 3883 1030 3937 ap.
1044 3868 1137 3923 Athen.
1151 3868 1168 3921 6
1178 3886 1205 3938 p.
1216 3868 1304 3933 232³,
1327 3885 1407 3938 qnare

289 3973 324 4008 ex
342 3956 434 4008 eodem
450 3956 560 4024 repetita
572 3971 630 4007 esse
642 3961 704 4025 puto
723 3956 842 4018 oracula,
861 3970 927 4023 quae
939 3955 1091 4006 Alcmaeoni
1108 3960 1134 4005 et
1144 3954 1265 4006 Menelao
1284 3955 1315 4007 de
1333 3972 1408 4007 orna·

289 4041 384 4092 mentis
398 4057 511 4092 uxorum
524 4039 671 4091 dedicandis
685 4040 827 4108 contigisse
840 4037 988 4091 Athenaeus
1001 4040 1139 4108 paulopost
1150 4040 1237 4092 tradit.
1267 4039 1297 4090 In
1312 4040 1378 4092 libro
1391 4040 1407 4091 9

290 4126 338 4191 (ir.
353 4124 384 4175 81
407 4124 543 4192 Muelleril
566 4124 670 4177 Bacidis
693 4124 873 4188 lustrationem
896 4124 923 4176 in
947 4124 1100 4176 duodecimo
1123 4124 1169 4192 (fr.
1187 4123 1249 4193 1135
1273 4125 1406 4176 oraculum

290 4209 406 4262 Clarium
416 4209 549 4273 tractavit,
562 4210 697 4261 oraculum
705 4208 857 4261 Phormioni
866 4208 1043 4271 Crotoniatae,
1053 4208 1124 4260 Batti
1132 4207 1325 4276 Cyrenaeorum
1336 4208 1406 4275 regis

289 4296 393 4362 aequali
415 4294 506 4346 datum
526 4310 567 4362 ap.
588 4294 695 4346 Snidam
717 4310 739 4345 s.
760 4293 916 4346 Phormione
934 4292 1016 4346 affert.
1052 4292 1223 4346 Sanationem
1246 4308 1350 4359 quoque
1373 4308 1407 4343 ex

290 4378 339 4432 hoe
358 4380 462 4431 eraculo
480 4378 577 4430 factam
596 4378 690 4430 Suidas
708 4395 742 4429 ex
760 4377 929 4447 Theopompo
947 4377 1062 4445 repetiit,
1080 4376 1272 4428 ut-Meinekius
1289 4376 1321 4429 fr.
1340 4392 1406 4428 com.

292 4462 336 4515 Gr.
349 4463 381 4515 ll.
399 4480 423 4531 p.
439 4462 502 4515 1231
527 4463 664 4515 intellexit.
704 4462 812 4515 Frustra
832 4464 974 4517 Muellerus
997 4478 1013 4513 a
1036 4460 1067 4512 fr.
1090 4459 1141 4513 323
1163 4460 1282 4512 exclusit
1322 4458 1407 4511 Etiam

290 4547 321 4600 fr.
334 4546 368 4599 84
384 4548 569 4600 miraculosum
586 4548 724 4602 vulnerum
741 4548 905 4602 sanationem
921 4546 1026 4598 indicat.

1188 4645 1206 4703 4
