3592 5400
834 502 925 545 umus
945 503 966 545 1.
1397 480 1455 545 121

335 653 391 742 ρὲν
406 645 459 715 οὖν
473 648 648 739 ἐπιχθονίοις
662 647 724 714 ἄνω
740 650 789 713 ἐπὶ
803 651 930 739 βιιιριιωνι
946 640 995 713 δεῖ
1008 647 1107 712 θῦσαι·
1122 650 1170 714 ἐπὶ
1183 649 1241 738 γιὶρ
1252 659 1308 725 τῆς
1318 660 1374 740 γῆς
1386 653 1456 713 ἀνα-

335 762 517 852 στρέφονται
532 755 623 826 οὗτοι.
639 772 704 835 τοῖς
719 751 744 824 δ’
756 759 929 848 ἐπιχθονίοις
941 765 971 824 ἐν
983 758 1081 848 βόθρῳ
1095 761 1146 823 καὶ
1157 764 1188 823 ἐν
1198 770 1294 847 ταφῇ,
1309 758 1381 824 ἔνθα
1393 750 1457 825 δια·

335 875 478 962 τρίβουσι
498 873 540 936 τοὶ
552 872 653 943 πτηνοὶ
668 861 702 934 δὲ
715 881 780 946 rota
791 870 906 950 ἄλλοις,
927 872 975 934 ὅτι
994 869 1095 936 πάντα
1110 868 1163 934 θεῖ
1184 872 1236 933 καὶ
1254 870 1312 960 γὰρ
1326 871 1363 934 τὸ
1379 861 1458 960 ὕδωρ

337 985 508 1054 ἀεικίνητον
521 993 577 1058 τῆς
592 982 758 1060 θαλάσσας,
774 981 870 1070 ρέλαν
885 973 933 1046 δέ·
950 972 996 1046 διὰ
1011 983 1063 1045 καὶ
1072 982 1113 1045 τοὶ
1123 990 1252 1045 τοιαῦτα
1264 981 1373 1069 ίερεῒαί
1386 970 1459 1070 πρίν.

337 1115 450 1183 σφορα·
470 1105 534 1168 τοῖς
557 1083 590 1157 δὲ
610 1095 716 1181 ἀερίοις
734 1092 846 1156 λευκά·
865 1094 1054 1180 πεφώσισται
1074 1092 1150 1183 γὰρ*
1169 1094 1221 1156 καὶ
1241 1093 1329 1180 ὁάήρ
1345 1091 1459 1181 φύσεως

337 1205 380 1269 ὢν
397 1195 565 1294 διαφανοῦς,
586 1205 728 1292 οὐρανίοις
749 1194 782 1266 δὲ
796 1205 848 1266 καὶ
862 1201 998 1291 αἰθερίοις
1017 1204 1059 1266 τοὶ
1078 1203 1142 1267 ἐπὶ4
1162 1213 1223 1267 τῶν
1244 1195 1329 1286 ’ζῴων
1348 1203 1458 1291 κουφό-

336 1339 428 1404 τερα,
449 1318 524 1405 ἅπερ
544 1317 624 1378 ἐστίν
645 1312 737 1403 ἄκρα·
770 1315 846 1389 οὓς5
866 1324 1091 1389 κοινωνεῖντῆς
1112 1311 1212 1388 θυσίας
1233 1304 1308 1398 dati
1334 1303 1458 1403 δοτῆρες
1483 1339 1495 1368 a

337 1428 398 1518 γὰρ
413 1421 496 1489 οὗτοι
511 1423 646 1517 ἀγαθῶν·
661 1429 688 1488 οἱ
703 1415 737 1488 δὲ
752 1422 840 1487 ἄλλοι
854 1433 916 1487 τῶν
930 1426 1049 1487 ιιαιιῶν1
1065 1429 1243 1513 κωλνσῆρες.

409 1535 533 1587 Τοιαῦτα8
545 1533 589 1604 μὲν
601 1532 631 1585 τὰ
643 1531 692 1584 ἀπὸ
705 1536 746 1598 τῆς
759 1531 785 1584 ἐκ
797 1532 891 1602 λογίων
905 1533 1050 1602 φιλοσοφίας
1062 1538 1105 1585 τοῦ
1118 1534 1261 1604 θαυμαστοῦ
1274 1533 1402 1602 θεοσόφοο.

404 1636 570 1696 Secundum
588 1634 743 1712 Porphyrii
770 1635 990 1712 explicationem
1017 1635 1159 1694 latissime
1185 1636 1345 1694 volucrium
1369 1637 1457 1695 sacri·

337 1749 406 1807 ficia
420 1747 594 1824 patuissent.
619 1745 733 1820 Quibus
748 1746 855 1804 tinibus
867 1765 968 1803 revera
979 1746 1197 1823 circumscripta
1209 1748 1283 1816 sint,
1299 1748 1330 1805 in
1347 1748 1458 1805 addita-

338 1866 437 1919 mento
453 1858 672 1930 demonstrab03
688 1857 796 1914 oraculi
811 1866 959 1915 auctorem
974 1857 1186 1936 significavisse
1201 1859 1314 1934 potius,
1331 1859 1380 1917 ubi
1392 1878 1457 1936 per-

337 1970 538 2038 mitterentur,
559 1987 646 2045 quam
667 1969 715 2026 ubi
734 1975 939 2045 posoerentur,
961 1987 1051 2045 supra
1071 1970 1298 2029 commemoravi.
1331 1970 1457 2048 Conqui-

337 2082 409 2140 sivit
428 2080 477 2138 hic
495 2081 581 2137 homo
600 2079 761 2138 doctrinam
782 2099 864 2138 suam
885 2099 921 2137 ex
940 2081 1083 2151 Homero,
1103 2081 1243 2150 Platone,
1264 2081 1331 2139 aliis
1347 2101 1380 2138 eo
1397 2088 1457 2139 stu·

337 2193 452 2249 diorum
477 2209 598 2268 genere,
630 2192 673 2248 cui
699 2191 881 2268 grammatici
908 2190 1098 2249 Alexandrini
1124 2193 1281 2262 vacabant;
1311 2211 1383 2268 quas
1410 2210 1456 2250 res

338 2320 459 2379 sparsas
473 2320 527 2378 per
540 2301 632 2360 libros
648 2302 772 2380 legerat,
797 2321 895 2361 earum
911 2311 1003 2360 artem
1020 2303 1208 2380 conscripsit,
1232 2309 1263 2360 ut
1283 2304 1414 2361 rhetores
1428 2309 1458 2359 et

336 2411 530 2491 grammatici.
561 2412 601 2468 Hi
617 2413 674 2489 ipsi
690 2433 747 2472 non
762 2421 821 2471 tam
838 2433 874 2470 ex
889 2414 989 2492 lingua
1004 2415 1069 2489 ipsa
1084 2421 1113 2470 et
1127 2414 1276 2471 hominum
1291 2432 1356 2489 ore,
1371 2433 1457 2490 qnam

338 2544 374 2582 ex
389 2523 553 2582 Atticorum
569 2523 686 2600 scriptis
702 2525 875 2594 hauserunt3
892 2525 934 2580 ita
948 2524 999 2581 ille
1016 2543 1073 2581 non
1088 2524 1187 2581 hausit
1198 2543 1233 2580 ex
1249 2524 1368 2592 ritibus,
1385 2541 1457 2598 quos

338 2634 465 2705 viderat,
483 2633 534 2691 sed
549 2651 621 2710 quos
637 2641 877 2706 commemoratos
892 2635 1011 2715 legerat.
1034 2634 1138 2710 Neque
1153 2634 1229 2691 enim
1242 2653 1368 2710 unquam
1381 2652 1458 2691 com·

337 2764 441 2804 munes
462 2753 547 2803 erant
566 2746 616 2803 isti
636 2746 709 2804 ritus
729 2747 783 2804 toti
804 2745 961 2817 Graeciae3
988 2746 1041 2805 sed
1060 2746 1110 2823 qui
1129 2745 1197 2804 aliis
1217 2745 1382 2804 civitatibus
1405 2744 1457 2803 alii

338 2864 439 2926 erant,
456 2874 506 2914 eos
521 2855 624 2913 ille'ad
640 2876 770 2915 normam
784 2858 949 2935 generalem
965 2858 1085 2935 redegit.

406 2960 496 3028 Praep.
515 2975 608 3027 evang.
621 2960 666 3011 lib.
678 2960 709 3013 V.
728 2976 783 3029 cap.
796 2960 820 3014 6.
839 2964 861 3027 §.
874 2959 898 3015 3.
913 2979 938 3030 p.
950 2960 998 3013 113
1011 2959 1100 3030 steph.
1112 2978 1138 3030 p.
1150 2960 1198 3013 190
1208 2960 1231 3012 d.
1243 2959 1318 3029 vig:
1331 2956 1422 3012 'Arous
1435 2960 1458 3012 δ’

338 3038 378 3097 οἷα
392 3042 497 3114 ἐκφαίνει
510 3042 522 3094 ὁ
535 3040 566 3094 tlt
579 3041 689 3115 ἀρρητοι9
701 3047 750 3095 τῶν
768 3041 880 3115 ἀρρήτων
893 3045 1056 3117 διηρευνηαὼς
1073 3046 1113 3098 καλ
1126 3048 1175 3097 τῶν
1189 3042 1334 3116 ἀπορρήτων
1352 3043 1458 3107 ἀξιωθείς

337 3133 379 3196 τῆς
393 3128 509 3198 γνώσεως
518 3128 539 3161 ¹⁰
553 3169 576 3180 ..
923 3138 936 3156 “

337 3266 426 3334 goreis
439 3265 508 3317 idem
520 3264 575 3318 loh.
587 3266 619 3317 do
632 3266 723 3319 diebus
735 3267 760 3321 5.
774 3268 789 3319 l
803 3273 882 3321 extr:
894 3267 920 3317 ἓν
933 3266 976 3335 μὲν
993 3262 1035 3318 οὖν
1052 3267 1140 3337 μέτρον
1153 3264 1217 3333 ἐστί,
1230 3266 1284 3317 καθ’
1297 3266 1311 3317 ὃ
1324 3266 1425 3331 συνίστη
1443 3264 1456 3317 ὁ

337 3350 472 3418 ἀσώματος
485 3349 525 3402 καλ
537 3351 623 3416 νοητὸς
636 3353 742 3422 κόσμος·
761 3353 872 3421 δεύτερον
886 3351 912 3402 δὲ
925 3352 1026 3420 μέτρον,
1043 3352 1098 3401 καθ’
1110 3350 1124 3401 ὃ
1137 3347 1215 3419 ἐπάγη
1229 3350 1242 3401 ὁ
1256 3348 1371 3414 αἰσθητὸς
1384 3350 1458 3420 οὖρα-

337 3438 378 3496 νός
393 3475 398 3485 .
411 3475 416 3486 ,
430 3434 550 3504 τρίτον-’δὲ
563 3436 616 3487 καθ’
628 3434 643 3487 d
656 3434 835 3506 ἐδημιουργήθη
849 3435 880 3487 τὰ
891 3436 939 3487 ὑπο
952 3435 1055 3500 σελήνην
1069 3475 1075 3485 .

408 3522 417 3554 ¹
438 3520 526 3588 Βωμός
538 3522 629 3573 latiore
641 3523 778 3575 sententia.
797 3521 903 3590 Proprie
916 3520 999 3587 βωμός
1012 3526 1053 3571 est
1062 3520 1177 3589 superis,
1190 3516 1284 3588 ἐσχάρα
1292 3522 1457 3573 terrestribus

337 3604 397 3659 diis.
415 3605 510 3675 Porph.
521 3605 554 3657 de
567 3612 641 3658 antro
654 3605 766 3675 Nymph.
780 3623 838 3675 cap.
850 3606 873 3657 6.
892 3604 953 3658 Sch.
966 3606 1027 3659 Eur.
1039 3605 1136 3666 Phoen.
1149 3604 1199 3656 274
1210 3609 1237 3656 et
1248 3603 1307 3656 284.
1324 3604 1456 3658 Neanthes

337 3707 381 3760 ap.
394 3690 515 3744 Eustath.
528 3690 561 3741 ad
574 3690 621 3742 Od.
635 3691 658 3742 G.
671 3691 729 3743 305.
747 3692 840 3743 Festus
853 3690 891 3759 (P.
905 3690 1049 3757 Diaconus)
1061 3708 1082 3741 s.
1094 3706 1119 3741 v.
1132 3690 1231 3741 altaria.

407 3775 418 3809 ²
438 3775 478 3825 καί
490 3774 541 3844 ἀέρι
552 3792 599 3844 pro
612 3774 685 3843 ἱερεῖα
697 3777 751 3830 ΑΗ,
764 3805 797 3814 -
808 3775 890 3843 Nigro
903 3776 981 3839 mari,
998 3775 1096 3843 inquit,
1112 3775 1204 3843 nigrae
1216 3774 1374 3828 conveniunt
1385 3776 1458 3829 victi·

336 3876 406 3913 mae,
429 3859 556 3912 Similiter
572 3861 646 3912 Eust.
663 3860 708 3919 lad
721 3860 767 3912 Od.
782 3861 821 3914 12.
837 3860 895 3928 130)
915 3861 951 3912 ait
969 3865 1057 3913 tauros
1074 3860 1194 3928 Neptuno
1211 3859 1353 3912 sacrificari
1371 3859 1411 3912 διὰ
1427 3861 1456 3913 ro

337 3944 402 3996 κατὰ
415 3946 574 4014 σφοδρότητα
585 3945 701 4009 κινήσεως
714 3944 856 4013 πληκτικόν,
870 3945 916 4014 (ad
926 3944 972 3996 0d.
982 3944 1006 3997 3.
1015 3945 1044 4013 δή
1056 3946 1146 4013 nigros
1159 3944 1199 3996 διὰ
1210 3944 1239 3996 το
1252 3945 1341 4005 ὕδατος
1354 3945 1440 4015 μέλαν.

406 4030 418 4063 ³
438 4028 465 4081 δὲ
476 4047 522 4099 pro
536 4029 583 4099 γὰρ
597 4030 674 4093 cnm
688 4029 728 4080 καί
741 4047 792 4084 om.
805 4031 860 4084 All.
1015 4031 1026 4063 ⁴
1045 4026 1078 4081 ἔτι
1089 4028 1165 4083 EFG.

408 4116 418 4148 ⁵
439 4114 480 4174 οὓς
492 4132 538 4185 pro
552 4109 587 4176 οἷς
599 4116 691 4184 scripsi
703 4121 729 4167 et
739 4120 866 4185 punctum
877 4116 965 4167 minus
977 4132 1024 4185 pro
1036 4116 1119 4167 inciso
1131 4116 1216 4185 posui.
1240 4115 1289 4176 Οὓς
1308 4122 1334 4169 et
1345 4110 1413 4168 οὗτοι
1425 4116 1458 4169 ud

336 4202 400 4253 deos
419 4202 544 4253 caelestes
562 4200 742 4269 aetheriosque
759 4201 897 4269 portinent.
920 4201 953 4254 Ili
970 4206 1081 4271 prosunt
1097 4202 1148 4253 nisi
1167 4200 1345 4265 offenduntur,
1363 4202 1458 4269 reliqui

335 4291 435 4339 nocent
445 4286 497 4337 nisi
509 4286 653 4354 placantur.

329 4438 332 4442 ,
406 4368 760 4434 θοῦσίαςΑΗ,οιιιίιεοδε”ι.
829 4371 908 4421 troo
921 4374 1004 4423 κακῶν
1018 4388 1068 4423 οιιι.
1081 4372 1135 4424 ΑΗ.
1205 4370 1353 4422 8ταῖιταΑ.

406 4456 418 4489 ⁹
436 4454 480 4507 Sic
492 4454 547 4519 AV,
559 4472 668 4525 ταρρητα
679 4455 714 4519 Η,
727 4452 882 4523 ἀρρητότατα
895 4455 979 4508 Gaisf⁴
992 4473 1025 4508 ex
1036 4458 1093 4508 rell.
1105 4455 1177 4508 codd.

396 4539 420 4575 ¹⁰
438 4537 542 4601 πίστεως
554 4557 601 4613 pro
614 4539 729 4611 γνώσεως
740 4538 862 4594 BODFG.
881 4540 983 4610 Dignus
994 4540 1099 4595 habitus
1111 4555 1266 4596 arcanorum
1278 4540 1435 4612 cognitione.
