3592 5400
744 628 977 675 PROLEGOMENA.
1227 625 1230 629 '
1307 626 1347 672 XV

417 822 484 888 Hos
506 823 602 910 igitur
629 821 721 889 libros
744 845 847 890 omnes
871 821 1110 910 Theophrasteos
1137 843 1203 887 cum
1228 821 1346 887 Aristo-

372 961 470 1028 teliois
493 963 580 1028 Nelei
604 962 738 1041 heredes,
763 963 898 1029 homines
925 963 1023 1028 omnis
1046 962 1224 1028 eruditionis
1244 985 1347 1050 exper-

374 1106 419 1167 tes
441 1124 537 1188 neque
560 1124 667 1187 mopso
690 1124 812 1169 carmem
836 1101 1044 1168 describendos
1067 1123 1184 1167 curasse
1207 1100 1351 1167 dicuntur

374 1264 470 1328 neque
499 1249 534 1307 ct
563 1243 720 1308 emendate
749 1243 1005 1308 describerentur:
1040 1242 1140 1328 itaque
1171 1241 1215 1306 sic
1237 1243 1349 1307 iactum
1433 1311 1437 1317 ,

374 1381 540 1468 essequod
562 1380 744 1447 Plutarchus
766 1386 943 1447 narraverat.

418 1520 476 1585 Sed
500 1520 555 1585 hos
574 1525 604 1586 et
623 1520 715 1598 alios,
734 1521 786 1607 qui
805 1521 837 1584 in
857 1520 905 1586 his
928 1516 1066 1607 operibus
1090 1519 1232 1595 citantur,
1250 1518 1349 1598 adeat,

375 1659 427 1744 qui
458 1660 494 1724 de
524 1660 571 1725 bis
601 1659 689 1726 rebus
716 1660 825 1726 certior
854 1660 919 1726 fieri
951 1660 1039 1736 velit;
1074 1681 1130 1725 nos
1161 1659 1351 1726 adhibuimus

375 1797 511 1883 quidem,
539 1800 590 1866 sed
622 1798 787 1866 describere
817 1800 985 1877 noluimus,
1015 1821 1071 1865 uec
1093 1804 1270 1888 argumento
1291 1800 1353 1864 iere

375 1937 519 2005 exhausto
542 1941 613 2006 novi
636 1940 709 2027 quid
741 1942 842 2006 afferre
865 1939 954 2006 nobis
976 1939 1073 2005 licuit.
1101 1939 1159 2005 Ubi
1182 1945 1281 2005 tamen
1305 1962 1351 2005 res

376 2078 560 2166 postulabat,
591 2104 627 2148 ex
656 2081 696 2146 iis
726 2081 886 2158 nonnulla,
917 2103 992 2167 quae
1014 2079 1051 2145 ad
1075 2078 1174 2144 locum
1197 2078 1352 2145 illustran-

376 2217 447 2285 dum
470 2222 637 2287 necessario
660 2222 806 2301 facerent,
830 2222 862 2286 in
886 2221 967 2287 notis
989 2220 1142 2286 historicis
1164 2225 1195 2286 et
1217 2219 1352 2287 Chrono-

374 2357 483 2445 logicis
506 2360 703 2447 subjecimus,
727 2360 808 2448 quod
829 2365 864 2427 ut
889 2360 975 2447 aequi
998 2358 1127 2447 bonique
1149 2359 1237 2426 nobis
1257 2360 1353 2427 lector

375 2497 535 2566 benevolus
559 2500 711 2579 consulat,
743 2501 794 2568 vix
816 2505 860 2566 est
884 2498 964 2586 quod
987 2499 1139 2587 postulare
1160 2522 1280 2566 necesse
1301 2502 1352 2566 sit.

493 2801 608 2890 Scripsi
630 2803 663 2867 in
686 2801 865 2868 Brabantiae
888 2803 1139 2891 septentrionalis
1161 2826 1238 2890 pago

686 2943 739 3028 qui
763 2943 876 3008 dicitur
898 2943 1046 3008 Boxrneer

679 3105 703 3147 a.
727 3082 755 3147 d.
778 3105 806 3148 v.
828 3083 905 3149 Idus
928 3082 1048 3170 Apriles

677 3224 747 3286 anui
771 3221 1054 3288 OIOIOOOOLXI.
