3592 5400
815 508 910 550 LIBER
931 507 974 548 111.

540 656 609 728 τειμὴ
629 654 686 708 δ’ἐκ
705 656 761 715 Διός
780 653 830 706 ἔστι
849 653 892 704 σθν
911 649 1051 702 ἀθανάτοισι
1069 649 1144 700 θεοῖσι

543 750 660 821 Ἑρμείαο
678 748 777 819 λόγοις,
796 746 822 808 θς
841 746 866 817 μ’
880 743 984 816 οὖρανον
1002 743 1081 813 ἤγαγε
1099 742 1188 811 χειρῶν
1207 745 1255 793 ete.

339 858 431 916 Inscr.
447 855 581 913 Romana
597 852 676 910 6301
696 850 789 919 illevit)
807 845 1022 917 Ιίίαταχθονίοιι),

458 975 482 1009 ν.
495 956 524 1008 4:
542 953 585 1020 τὴν
605 951 703 1018 συνετὴν
722 949 802 1020 ψυχὴν
822 947 939 1019 μακάρων
959 947 990 1010 εἰς
1008 946 1068 1020 ἀέρα
1086 949 1164 1000 δοῦσα

595 1045 699 1116 πρόσθεν
719 1043 761 1115 μὲν
780 1044 866 1112 θνητή,
886 1047 927 1094 νῦν
946 1042 972 1093 δὲ
990 1042 1051 1093 θεῶν
1070 1042 1183 1112 μέτοχος.

342 1151 454 1213 Similis
476 1152 565 1208 inser.
588 1148 673 1206 Rom.
697 1146 797 1204 Rufini
819 1145 931 1204 Asterii
954 1145 1045 1202 6283.
1080 1143 1166 1202 Aliae
1191 1143 1401 1219 inscriptiones
1419 1142 1463 1200 fu·

342 1266 446 1322 hebres
468 1262 595 1318 animam
617 1258 654 1316 ad
677 1257 788 1315 eaelum
808 1263 837 1313 et
857 1255 954 1313 sidera
976 1254 1122 1319 sublatam
1144 1272 1210 1312 esse
1224 1253 1356 1312 versibus
1381 1272 1463 1329 prae-

341 1374 453 1442 dicant,
474 1371 554 1429 velut
572 1370 667 1438 1066,
690 1368 769 1425 2161
782 1367 815 1436 b,
838 1366 935 1435 3510,
955 1366 1033 1423 1007
1047 1366 1075 1423 b.
1089 1367 1116 1422 b.
1134 1358 1176 1442 (in
1191 1363 1333 1422 addendis
1349 1364 1388 1421 ad
1403 1381 1463 1420 eor-

342 1503 396 1561 pus
412 1484 500 1541 inser.
516 1487 584 1538 tom.
597 1472 653 1556 Π),
670 1493 792 1552 quarum
808 1477 890 1533 nulla
906 1474 1068 1535 Christiani
1083 1493 1150 1533 esse
1165 1482 1288 1551 poterat.

405 1590 528 1651 Eusebii
547 1590 704 1647 demonstr.
728 1588 856 1665 evangel.
878 1586 943 1645 libr.
964 1589 981 1646 3
1003 1605 1067 1662 cap.
1087 1586 1105 1644 6
1122 1585 1172 1642 fiu.
1194 1605 1222 1661 p.
1239 1587 1298 1643 134
1311 1604 1338 1642 a.
1361 1582 1462 1660 Steph.

342 1722 372 1778 p.
385 1702 445 1760 295
462 1699 556 1759 Gaisf.
1224 1780 1226 1782 q

411 1801 452 1862 Τίς
472 1803 493 1852 δ’
507 1802 534 1852 ἂν
552 1801 646 1871 γένοιτό
670 1817 708 1852 σοι
731 1800 824 1852 τούτων
849 1799 987 1861 ἀξιόπιστος
1010 1796 1134 1869 ὁμολογία
1157 1797 1253 1869 μᾶλλον
1275 1801 1318 1864 τῆς
1341 1800 1386 1848 τοῦ
1410 1796 1463 1848 καθ’

343 1893 414 1964 ἡμῶν
432 1894 550 1965 πολεμίου
569 1898 675 1964 γραφῆς,
699 1895 727 1960 ἣν
747 1892 770 1945 ἐν
789 1887 823 1954 οἷς
842 1892 965 1963 ἐπέγραψε
983 1892 1036 1962 περί
1053 1895 1096 1958 τῆς
1119 1890 1145 1943 ἐκ
1163 1891 1256 1961 λογίων
1275 1891 1422 1961 φιλοσοφίας
1441 1889 1463 1941 ἐν

343 1987 418 2058 τρίτῳ
437 1986 611 2059 συγγράμματι
629 1988 742 2057 τέθειται,
762 1980 813 2038 ὧδέ
829 2006 881 2046 πως
899 1985 1005 2056 ἱστορῶν
1023 1984 1086 2037 κατὰ
1103 1984 1179 2046 λέξιν·

497 2089 568 2167 Cap.
584 2090 611 2147 7.
628 2093 642 2146 1
660 2109 688 2166 p.
704 2090 764 2148 296
781 2088 876 2149 Gaisf.
1129 2160 1150 2174 x

407 2183 586 2281 Παράδοξον
601 2196 669 2266 ίσως
686 2182 798 2266 δόξειεν
814 2197 872 2253 οίνθ
884 2215 959 2254 τισιν
975 2189 1048 2254 εἶναι
1068 2191 1104 2279 τὰ
1126 2189 1236 2280 μέλλον
1257 2189 1400 2283 λέγεσθαι
1420 2189 1464 2278 ὑφ’

345 2312 436 2392 ημῶν.
464 2301 525 2365 Τὸν
540 2302 597 2391 γὰρ
614 2300 743 2389 Χριστὸν
759 2307 786 2364 οἱ
802 2299 862 2364 θεοὶ
878 2301 1091 2384 εὐσεβέστατον
1109 2301 1303 2389 ἀπεφήναντο
1326 2303 1378 2365 καὶ
1393 2299 1464 2364 ἀθά-

347 2436 435 2476 νατον
450 2411 613 2502 γεγονότα,
630 2411 770 2501 εὐφήμως
784 2434 819 2475 τε
835 2415 928 2474 αὐτοῦ
945 2411 1168 2501 μνημονεύουσι.

408 2530 499 2587 Plura
517 2529 699 2608 Augustinus
720 2528 755 2586 de
776 2528 853 2588 civit.
876 2529 922 2586 dei
938 2530 985 2588 19.
1008 2547 1071 2605 cap.
1086 2531 1135 2588 33.
1153 2517 1171 2588 θ
1192 2529 1343 2588 nominata
1365 2530 1463 2588 eadem

346 2641 587 2698 commentatione
602 2640 702 2698 affert:
728 2640 868 2715 „Praeter
883 2638 1048 2716 opinionem
1054 2636 1083 2712 ,“
1105 2640 1215 2716 inquit,
1239 2640 1389 2717 „profecto
1404 2639 1464 2717 qui-

345 2724 468 2810 busdam
482 2753 614 2810 videatur
628 2771 694 2811 esse
700 2795 708 2823 ‚
725 2752 802 2826 quod
815 2751 919 2809 dicturi
932 2769 1041 2812 sumus.
1066 2750 1215 2810 Christum
1226 2752 1305 2809 enim
1317 2752 1358 2809 dii
1369 2751 1464 2828 piissi-

346 2880 424 2919 mum
438 2862 697 2937 pronuntiaverunt
717 2870 745 2919 et
764 2862 960 2920 immortalem
973 2862 1082 2920 factum
1102 2870 1210 2920 etcum
1226 2864 1302 2921 bona
1317 2863 1464 2939 praedica·

346 2948 426 3029 tione
452 2972 513 3028 eius
537 2972 743 3028 meminerunt:
772 2969 1004 3032 Christianos
1030 2993 1112 3031 vero
1138 2970 1337 3049 pollutos‚“
1362 2973 1464 3048 inquit,

350 3088 403 3156 „et
429 3080 695 3139 contaminatos
722 3087 756 3137 et
782 3091 903 3140 errore
924 3083 1135 3160 implicatos
1162 3102 1243 3141 esse
1266 3084 1407 3142 dieunt:
1433 3090 1464 3140 et

346 3191 470 3249 multis
515 3192 663 3275 talibus
688 3193 862 3252 adversus
903 3212 963 3252 eos
1003 3194 1243 3271 blasphemiis
1284 3190 1462 3253 utuntur.“

346 3301 485 3359 Deinde
505 3302 656 3362 subiicit
676 3304 775 3361 velut
795 3305 938 3364 deorum
966 3307 1113 3364 oracula
1138 3291 1463 3382 blasphemantium
1532 3372 1535 3381 Ι

348 3409 590 3472 Christianos.
1048 3405 1052 3412 ¹

409 3525 556 3584 Eusebius
571 3525 678 3602 pergit:

414 3626 460 3677 Kal
478 3624 569 3696 ὑποβὰς
589 3626 704 3696 ἐπιλέγει·

410 3718 484 3809 Περὶ
503 3731 575 3812 γοῦν
600 3732 654 3785 τοῦ
675 3720 806 3810 Χριστοῦ
824 3723 1055 3813 ἐρωτησάντων,
1082 3730 1107 3788 εἰ
1127 3728 1190 3789 ἐστὶ
1217 3722 1297 3805 θεός,
1317 3728 1412 3816 φησὶν
1434 3728 1461 3803 [ti

348 3824 488 3909 'Eadt‘ul
1441 3844 1444 3850 ’

358 4010 360 4016 ,
381 3948 451 4005 316.
473 3937 569 4006 Ὅττι
585 3942 638 4030 μὲν
654 3940 790 4017 ἀθανάτη
807 3943 885 4035 ψυχὴ
902 3948 980 4035 μετὰ
995 3958 1083 4035 σῶμα
1097 3950 1262 4036 προβαίνει,

474 4051 658 4142 γιγνώσκεις·
675 4056 786 4141 σοφίης
807 4046 844 4120 dd
864 4058 1080 4146 τετμημένη
1101 4059 1177 4122 αἰὲν
1200 4063 1349 4123 ἀλᾶται.

475 4161 576 4250 ἀνέρος
596 4164 720 4248 εὐσεβίη
736 4167 978 4254 προφερεστάτου
995 4170 1073 4232 ἐστὶν
1089 4170 1184 4239 ἐκείνη

474 4270 560 4360 νυοί
595 4281 597 4284 ’

416 4525 428 4553 *
447 4522 474 4576 ἀν
492 4544 543 4582 om.
563 4528 618 4583 eod.
639 4527 796 4581 Oxonieusis
815 4529 894 4583 chart.
912 4532 1035 4587 novitius.
