3592 5400
766 559 811 604 or
828 558 1035 605 orruoxmos.
1397 542 1460 608 223

345 716 469 775 certiora
483 723 560 787 sunt,
575 734 651 791 quae
666 717 846 793 Augustinus
860 716 903 773 ait
917 716 954 773 de
968 716 1021 774 civ.
1037 715 1085 773 dci
1101 716 1131 790 s,
1147 716 1200 774 19:
1223 718 1375 789 „nonnulli
1390 717 1461 776 isto-

343 846 436 885 rum..
451 827 730 897 daemonicolarum,
749 826 901 901 inquibus
917 834 947 884 ct
960 821 1077 884 Ιιιάιιιοι
1096 834 1155 895 est,
1176 826 1293 885 cosdem
1308 828 1462 903 perhibent

342 938 378 996 ab
392 937 462 996 aliis
475 938 598 1015 angelos
612 937 685 1007 dici,
707 954 780 1014 quos
801 936 858 1013 ipsi
878 937 1036 995 daemones
1050 937 1246 1013 nuncupant.”
1276 938 1323 995 lta
1336 937 1387 997 Ps.
1403 937 1460 996 Or-

340 1050 434 1125 pheus
449 1047 485 1106 fr.
501 1050 520 1107 3
537 1068 563 1107 v.
577 1048 595 1107 9
610 1046 728 1105 llenn.:

495 1161 540 1234 σῷ
554 1142 590 1215 δὲ
605 1150 699 1239 θρόνῳ
713 1150 851 1239 ιιυρόεντι
864 1161 1045 1239 παρεστᾶσιν
1059 1151 1246 1241 πολύμοχθοι

496 1260 637 1352 ἄγγελοι,
653 1257 709 1325 οἷοι
721 1261 853 1349 μέμηλε,
869 1264 985 1350 βροτοῖς
999 1268 1038 1337 ὡς
1053 1262 1154 1326 πάντα
1167 1267 1308 1326 τελεῖται

341 1378 514 1440 Cuiusmodi
533 1379 710 1437 sententiam
730 1378 840 1435 Minuc.
858 1379 941 1437 Felix
961 1378 1027 1438 Oct.
1041 1380 1080 1438 26
1096 1379 1222 1437 Hostani
1237 1380 1324 1457 Mago
1344 1381 1459 1439 tribuit:

343 1490 493 1567 „Ostanes
502 1532 528 1547 ..
543 1498 575 1548 et
587 1508 687 1547 verum
702 1486 787 1547 deum
801 1490 907 1547 merita
921 1491 1073 1548 maiestate
1088 1490 1273 1567 prosequitur
1286 1498 1316 1547 et
1329 1492 1459 1569 angelos,

340 1601 369 1659 id
384 1610 432 1660 ost
446 1601 597 1659 ministros
609 1608 639 1658 et
650 1600 767 1659 nuntios
778 1600 825 1658 dei
834 1642 842 1658 .
852 1643 874 1670 .,
890 1600 1011 1677 eiusque
1022 1600 1201 1659 venerationi
1216 1600 1296 1659 novit
1306 1602 1460 1678 adsistere,

340 1720 372 1770 ut
386 1719 417 1770 et
432 1719 505 1769 nutu
519 1711 584 1787 ipso
598 1718 629 1769 ct
639 1712 719 1769 vultu
730 1710 839 1770 domini
852 1711 1086 1770 contremiscant.
1112 1711 1192 1769 ldem
1204 1711 1293 1769 ctiam
1304 1709 1460 1772 doemonas

340 1822 471 1900 prodidit
485 1830 634 1891 terrenos,
649 1839 752 1899 vagos,
768 1820 959 1879 humanitatis
973 1818 1137 1879 inimicos.“
1166 1820 1330 1897 Cyprianus
1343 1823 1379 1880 de
1390 1823 1459 1882 idol.

338 1932 431 1992 venit.
445 1935 475 2002 4,
491 1934 522 1989 1:
538 1933 690 2009 Magorum
706 1933 899 2009 „praecipuus
910 1931 1059 1990 Hostanes
1070 1939 1100 1988 et
1110 1929 1232 1988 formam
1243 1931 1303 1989 veri
1315 1932 1361 1989 dei
1374 1942 1461 2011 negat

338 2042 472 2120 conspici
486 2060 574 2119 posse
588 2050 619 2100 et
632 2043 752 2120 angelos
768 2060 851 2101 veros
866 2042 929 2101 sedi
944 2041 1007 2099 eius
1022 2041 1094 2099 dicit
1103 2039 1275 2099 adsistere.“
1304 2041 1382 2114 Quid
1394 2042 1459 2101 istis

337 2152 524 2231 philosophis
538 2152 695 2230 placuerit,
717 2153 880 2211 accuratius
900 2172 936 2210 cx
955 2152 1081 2229 theolog.
1096 2149 1214 2209 arithm.
1234 2170 1263 2227 p.
1277 2152 1316 2210 42
1332 2152 1377 2209 ed.
1394 2154 1458 2212 Ast.

336 2271 478 2342 apparet:
498 2258 550 2321 καὶ
564 2256 765 2340 Βαβυλωνίων
780 2261 808 2320 οἱ
823 2246 1027 2346 δοκιμώτατοι
1042 2257 1093 2319 καὶ
1109 2254 1258 2331 Ὀστάνης
1272 2257 1323 2318 καὶ
1338 2255 1460 2346 Ζωροά-

337 2392 431 2458 στρης
450 2367 565 2458 ἀγέλας
582 2369 689 2458 κυρίως
707 2372 833 2431 καλοῦσι
851 2367 908 2443 τάς
927 2366 1068 2456 ἀστρικάς
1087 2367 1238 2455 σφαίρας..
1259 2354 1305 2429 lto*
1324 2368 1377 2430 καὶ
1389 2367 1461 2442 τοὺς

336 2477 408 2544 καθ’
423 2477 556 2549 ἑκάστην
568 2479 687 2542 coit-ov
701 2488 763 2542 τῶν
778 2481 897 2568 ἀγελῶν
913 2469 1092 2566 ἐξάρχοντας
1111 2476 1237 2565 ἀστέρας
1251 2477 1303 2539 καὶ
1318 2467 1461 2564 δαίμονας

337 2590 453 2680 ὁμοίως
464 2589 650 2680 ἀγγέλους
663 2590 715 2653 καὶ
726 2587 962 2679 ἀρχαγγέλου
971 2612 984 2663 ς
994 2585 1265 2677 προσαγορεύεσθαι
1275 2637 1283 2668 ‚
1295 2588 1376 2675 οἵπερ
1389 2588 1460 2650 εἰσὶν

336 2700 420 2766 turoi
432 2700 488 2765 τόν
502 2698 633 2790 ἀριθμόν.

402 2819 477 2877 Inde
492 2837 510 2875 a
524 2803 688 2895 Porphyrio
702 2816 849 2876 Platonici
864 2835 899 2875 ac
913 2818 1049 2893 deinceps
1065 2816 1115 2876 alii
1130 2815 1256 2894 plurium
1270 2814 1388 2875 deorum
1401 2816 1460 2875 cul-

336 2938 420 2991 tores
439 2929 607 3007 augelorum
627 2929 745 2987 nomine
761 2935 890 2987 utuntur.
922 2926 966 2986 cf.
983 2928 1097 2986 Fabric.
1115 2928 1185 2987 bibl.
1201 2927 1345 3003 antiquar.
1364 2930 1395 2998 8,·
1411 2929 1460 2987 16.

338 3042 474 3117 Quorum
487 3059 573 3099 usum
587 3037 742 3098 Hierocles
756 3040 793 3096 ad
808 3058 897 3098 carm.
917 3059 979 3097 aur.
1000 3060 1030 3115 p.
1047 3041 1085 3098 37
1102 3038 1263 3098 Needham.
1284 3059 1313 3116 p.
1331 3041 1368 3098 31
1386 3039 1461 3097 Mul-

337 3153 416 3212 lach.
433 3143 576 3230 (Berolini
591 3171 617 3210 a.
637 3143 730 3228 1853)
745 3150 956 3226 complectitur.
989 3149 1152 3225 Explicatis
1167 3151 1287 3207 heroum
1302 3157 1332 3208 et
1346 3150 1461 3207 daemo-

338 3282 409 3321 num
425 3253 600 3341 (bonorum)
621 3268 726 3318 natura
746 3268 775 3317 ct
794 3260 960 3318 nominibus
975 3259 1134 3317 secundum
1148 3259 1284 3317 Platonis
1299 3257 1458 3333 Cratylum‚

340 3374 459 3433 eosdem
474 3371 570 3431 vocari
584 3369 627 3429 ait
640 3366 692 3428 καὶ
707 3363 871 3453 ἀγγέλους,
893 3368 935 3437 ὡς
950 3364 1143 3450 έκραίνοντας
1157 3364 1208 3425 καὶ
1224 3353 1461 3451 ἀιαγγέλλοντας

339 3483 412 3567 ἡμῖν
430 3477 502 3552 τοὺς
520 3477 592 3565 πρός
611 3469 737 3552 εὐζωίαν
756 3474 890 3548 κανόνας.
918 3470 1064 3547 πολλάκις
1084 3463 1119 3536 δὲ
1137 3472 1188 3536 καὶ
1207 3483 1273 3546 ταῖς
1289 3474 1383 3560 τρισὶν
1397 3474 1460 3536 ἑπι-

340 3589 433 3663 νοίαις
451 3588 597 3676 γρώμανοι
614 3586 652 3649 τό
666 3585 782 3660 πλάτος
794 3594 850 3648 τοῦ
865 3583 958 3672 μέσου
972 3581 1076 3673 γένους
1090 3588 1130 3658 εἰς
1143 3583 1213 3667 τρία
1226 3581 1388 3671 τέμνομεν,
1408 3584 1460 3646 καὶ

340 3698 377 3761 τὸ
392 3697 447 3788 μέν
461 3695 603 3786 προσεχὲς
616 3708 680 3771 τοῖς
691 3697 835 3783 οὐρανίοις
845 3698 998 3783 καλοῦμεν
1012 3692 1213 3784 ἀγγέλους,
1228 3694 1265 3756 τό
1278 3683 1312 3756 ἀὲ
1322 3705 1386 3767 τοῖς
1397 3695 1460 3757 tnt-

340 3809 431 3899 γείοις
446 3808 670 3895 συναπτόμενον
684 3806 798 3894 ἥρωας,
812 3805 850 3869 τό
865 3795 900 3868 δέ
911 3796 944 3879 ἐξ
953 3808 1019 3868 ἴσου
1029 3815 1092 3868 τῶν
1104 3802 1201 3892 ἄκρων
1214 3803 1391 3893 ἀμφοτέρων
1403 3806 1460 3867 ἀπ-

342 3918 410 4007 έχον
422 3908 582 4007 δαίμονας,
598 3918 696 4005 ὥσπερ
707 3920 864 4004 πολλαχοῦ
875 3927 955 3979 ποιεῖ
963 3914 1107 3979 Πλάτων.
1129 3922 1175 3979 Ab
1186 3919 1253 3980 aliis
1265 3927 1356 3979 totum
1367 3939 1460 3999 genus

340 4043 390 4094 aut
402 4036 582 4113 augelorum,
597 4041 657 4105 aut,
672 4042 705 4091 ut
715 4033 796 4091 aurei
806 4032 944 4092 carminis
954 4051 982 4091 ν.
996 4033 1013 4091 2
1020 4074 1029 4103 ,
1044 4033 1164 4090 heroum
1175 4032 1291 4090 nomine
1302 4030 1458 4111 designari.

409 4251 419 4284 ¹
438 4248 478 4302 Da
490 4247 610 4301 Cornelio
622 4247 743 4302 Labeone
754 4264 780 4318 p.
792 4246 824 4300 ὑί
838 4246 901 4300 dixi.
930 4244 1001 4301 Fort.
1014 4244 1045 4298 do
1063 4243 1112 4299 hac
1128 4262 1156 4298 re
1173 4245 1199 4298 in
1214 4245 1287 4298 libris
1300 4242 1331 4296 de
1343 4242 1392 4296 diis
1404 4241 1459 4295 ani·

340 4335 454 4388 malibus
472 4335 626 4404 disputavit,
644 4336 690 4387 ubi
708 4334 798 4386 heroes
814 4339 882 4385 certe
894 4332 1023 4385 tractavit.
1048 4328 1353 4394 Serv.adllen.3‚168:
1371 4328 1459 4381 Labeo

341 4420 472 4485 inlibris,
497 4420 541 4487 qui
564 4420 729 4488 appellantur
751 4417 782 4468 de
804 4417 852 4469 <liis
876 4417 1060 4469 animalibus..
1083 4416 1130 4466 ait:
1155 4432 1212 4466 osse
1231 4412 1359 4482 quaedam
1377 4428 1459 4476 sacra,

342 4505 436 4573 quibus
454 4504 557 4556 animae
574 4504 704 4555 humanae
721 4507 855 4555 vertantur
871 4502 987 4565 iudeus,
1006 4501 1051 4569 qui
1063 4499 1226 4569 appellantur
1237 4498 1372 4563 animales,
1390 4498 1459 4566 quod

342 4588 373 4641 dc
390 4590 485 4642 animis
502 4589 574 4642 fiant.
603 4589 637 4640 lli
653 4593 741 4641 autem
759 4592 822 4640 suut
838 4587 874 4640 dii
889 4591 998 4655 penates
1015 4591 1042 4637 et
1058 4585 1146 4639 viales.
