<?xml version="1.0" encoding="UTF-8"?>
<!DOCTYPE html PUBLIC "-//W3C//DTD XHTML 1.0 Transitional//EN"
    "http://www.w3.org/TR/xhtml1/DTD/xhtml1-transitional.dtd">
<html xmlns="http://www.w3.org/1999/xhtml" xml:lang="en" lang="en">
 <head>
  <title>
</title>
<meta http-equiv="Content-Type" content="text/html;charset=utf-8" />
  <meta name='ocr-system' content='tesseract 3.04.00' />
  <meta name='ocr-capabilities' content='ocr_page ocr_carea ocr_par ocr_line ocrx_word'/>
</head>
<body>
  <div class='ocr_page' id='page_1' title='image "./pamphletsonaris00porpgoog_0269.png"; bbox 0 0 3592 5400; ppageno 0'>
   <div class='ocr_carea' id='block_1_1' title="bbox 833 504 1461 569">
    <p class='ocr_par' dir='ltr' id='par_1_1' title="bbox 833 504 1461 569">
     <span class='ocr_line' id='line_1_1' title="bbox 833 504 1461 569; baseline 0.002 -1"><span class='ocrx_word' id='word_1_1' title='bbox 833 526 924 568; x_wconf 78' lang='lat' dir='ltr'>uinea</span> <span class='ocrx_word' id='word_1_2' title='bbox 944 528 976 568; x_wconf 89' lang='lat'>11.</span> <span class='ocrx_word' id='word_1_3' title='bbox 1401 504 1461 569; x_wconf 74' lang='lat'>155</span> 
     </span>
    </p>
   </div>
   <div class='ocr_carea' id='block_1_2' title="bbox 338 667 1461 875">
    <p class='ocr_par' dir='ltr' id='par_1_2' title="bbox 338 667 1461 875">
     <span class='ocr_line' id='line_1_2' title="bbox 338 667 1461 764; baseline -0.003 -23"><span class='ocrx_word' id='word_1_4' title='bbox 338 682 367 741; x_wconf 82' lang='grc' dir='ltr'>οἱ</span> <span class='ocrx_word' id='word_1_5' title='bbox 382 667 430 755; x_wconf 80' lang='grc' dir='ltr'>θὲ,</span> <span class='ocrx_word' id='word_1_6' title='bbox 451 673 508 739; x_wconf 80' lang='grc' dir='ltr'>κᾶν</span> <span class='ocrx_word' id='word_1_7' title='bbox 522 673 588 750; x_wconf 72' lang='lat' dir='ltr'>cto»,</span> <span class='ocrx_word' id='word_1_8' title='bbox 602 681 692 764; x_wconf 57' lang='grc' dir='ltr'>ἔρωσι</span> <span class='ocrx_word' id='word_1_9' title='bbox 706 684 761 738; x_wconf 82' lang='grc' dir='ltr'>τοῦ</span> <span class='ocrx_word' id='word_1_10' title='bbox 775 673 1006 764; x_wconf 80' lang='grc' dir='ltr'>παραγίνεσθαι,</span> <span class='ocrx_word' id='word_1_11' title='bbox 1027 674 1143 758; x_wconf 80' lang='grc' dir='ltr'>βλάβην</span> <span class='ocrx_word' id='word_1_12' title='bbox 1157 675 1226 738; x_wconf 86' lang='grc' dir='ltr'>τινιὶ</span> <span class='ocrx_word' id='word_1_13' title='bbox 1239 672 1461 763; x_wconf 77' lang='grc' dir='ltr'>προθυμοῦνται</span> 
     </span>
     <span class='ocr_line' id='line_1_3' title="bbox 338 770 1461 875; baseline -0.004 -23"><span class='ocrx_word' id='word_1_14' title='bbox 338 798 450 864; x_wconf 82' lang='grc' dir='ltr'>ποιεῖν,</span> <span class='ocrx_word' id='word_1_15' title='bbox 471 770 523 850; x_wconf 81' lang='grc' dir='ltr'>καὶ</span> <span class='ocrx_word' id='word_1_16' title='bbox 542 785 675 875; x_wconf 72' lang='grc' dir='ltr'>μάλιστα</span> <span class='ocrx_word' id='word_1_17' title='bbox 695 789 747 851; x_wconf 69' lang='grc' dir='ltr'>ἐὰν</span> <span class='ocrx_word' id='word_1_18' title='bbox 769 787 970 874; x_wconf 79' lang='grc' dir='ltr'>ἀρελέοτερόν</span> <span class='ocrx_word' id='word_1_19' title='bbox 991 810 1036 861; x_wconf 85' lang='grc' dir='ltr'>τις</span> <span class='ocrx_word' id='word_1_20' title='bbox 1060 776 1135 870; x_wconf 62' lang='lat' dir='ltr'>loica]</span> <span class='ocrx_word' id='word_1_21' title='bbox 1157 784 1409 873; x_wconf 81' lang='grc' dir='ltr'>οἰναοτρέρεοθαι1</span> <span class='ocrx_word' id='word_1_22' title='bbox 1431 790 1461 850; x_wconf 80' lang='grc' dir='ltr'>ἐν</span> 
     </span>
    </p>
   </div>
   <div class='ocr_carea' id='block_1_3' title="bbox 337 876 1462 987">
    <p class='ocr_par' dir='ltr' id='par_1_3' title="bbox 337 876 1462 987">
     <span class='ocr_line' id='line_1_4' title="bbox 337 876 1462 987; baseline -0.003 -24"><span class='ocrx_word' id='word_1_23' title='bbox 337 911 404 973; x_wconf 83' lang='grc' dir='ltr'>τοῖς</span> <span class='ocrx_word' id='word_1_24' title='bbox 418 876 584 987; x_wconf 58' lang='lat' dir='ltr'>apapreat</span> <span class='ocrx_word' id='word_1_25' title='bbox 611 908 667 961; x_wconf 79' lang='grc' dir='ltr'>τοῦ</span> <span class='ocrx_word' id='word_1_26' title='bbox 688 899 746 987; x_wconf 69' lang='grc' dir='ltr'>γὰρ</span> <span class='ocrx_word' id='word_1_27' title='bbox 771 895 951 987; x_wconf 78' lang='grc' dir='ltr'>Πυθαγόρου</span> <span class='ocrx_word' id='word_1_28' title='bbox 974 907 1073 961; x_wconf 76' lang='grc' dir='ltr'>ταῦτα</span> <span class='ocrx_word' id='word_1_29' title='bbox 1096 897 1247 984; x_wconf 73' lang='grc' dir='ltr'>εἰρηκότος</span> <span class='ocrx_word' id='word_1_30' title='bbox 1268 897 1462 985; x_wconf 60' lang='lat' dir='ltr'>napea-ripaue</span> 
     </span>
    </p>
   </div>
   <div class='ocr_carea' id='block_1_4' title="bbox 338 996 1462 1764">
    <p class='ocr_par' dir='ltr' id='par_1_4' title="bbox 338 996 1462 1429">
     <span class='ocr_line' id='line_1_5' title="bbox 338 996 1462 1097; baseline -0.003 -25"><span class='ocrx_word' id='word_1_31' title='bbox 338 1015 374 1073; x_wconf 79' lang='grc' dir='ltr'>ἐκ</span> <span class='ocrx_word' id='word_1_32' title='bbox 389 1019 452 1071; x_wconf 86' lang='grc' dir='ltr'>τῶν</span> <span class='ocrx_word' id='word_1_33' title='bbox 466 1009 589 1097; x_wconf 87' lang='grc' dir='ltr'>λογίων,</span> <span class='ocrx_word' id='word_1_34' title='bbox 604 1014 643 1083; x_wconf 85' lang='grc' dir='ltr'>ὡς</span> <span class='ocrx_word' id='word_1_35' title='bbox 655 1006 764 1082; x_wconf 74' lang='grc' dir='ltr'>ἀληθές</span> <span class='ocrx_word' id='word_1_36' title='bbox 775 1012 839 1070; x_wconf 84' lang='grc' dir='ltr'>ἐστι</span> <span class='ocrx_word' id='word_1_37' title='bbox 849 1009 886 1071; x_wconf 87' lang='grc' dir='ltr'>τό</span> <span class='ocrx_word' id='word_1_38' title='bbox 900 999 1057 1096; x_wconf 77' lang='grc' dir='ltr'>εἰρηρένον.</span> <span class='ocrx_word' id='word_1_39' title='bbox 1089 1006 1199 1082; x_wconf 75' lang='grc' dir='ltr'>πάντες</span> <span class='ocrx_word' id='word_1_40' title='bbox 1210 1008 1268 1097; x_wconf 80' lang='grc' dir='ltr'>γὰρ</span> <span class='ocrx_word' id='word_1_41' title='bbox 1280 996 1316 1069; x_wconf 78' lang='grc' dir='ltr'>δι’</span> <span class='ocrx_word' id='word_1_42' title='bbox 1327 1007 1462 1096; x_wconf 74' lang='grc' dir='ltr'>ἀνάγκην</span> 
     </span>
     <span class='ocr_line' id='line_1_6' title="bbox 339 1109 1462 1210; baseline -0.002 -28"><span class='ocrx_word' id='word_1_43' title='bbox 339 1122 430 1210; x_wconf 80' lang='grc' dir='ltr'>ρασὶν</span> <span class='ocrx_word' id='word_1_44' title='bbox 445 1117 583 1206; x_wconf 75' lang='grc' dir='ltr'>ἀρῖχθαι,</span> <span class='ocrx_word' id='word_1_45' title='bbox 599 1123 656 1206; x_wconf 76' lang='grc' dir='ltr'>οὐχ</span> <span class='ocrx_word' id='word_1_46' title='bbox 669 1123 771 1193; x_wconf 74' lang='grc' dir='ltr'>ἁπλῶς</span> <span class='ocrx_word' id='word_1_47' title='bbox 782 1109 834 1198; x_wconf 63' lang='lat' dir='ltr'>li,</span> <span class='ocrx_word' id='word_1_48' title='bbox 849 1118 917 1181; x_wconf 79' lang='grc' dir='ltr'>ἀλλ’</span> <span class='ocrx_word' id='word_1_49' title='bbox 932 1115 1008 1194; x_wconf 85' lang='grc' dir='ltr'>οἷον,</span> <span class='ocrx_word' id='word_1_50' title='bbox 1030 1119 1073 1182; x_wconf 67' lang='grc' dir='ltr'>εἰ2</span> <span class='ocrx_word' id='word_1_51' title='bbox 1087 1120 1142 1206; x_wconf 68' lang='grc' dir='ltr'>7ρὴ</span> <span class='ocrx_word' id='word_1_52' title='bbox 1158 1118 1257 1181; x_wconf 64' lang='grc' dir='ltr'>οῖ’ντωθ</span> <span class='ocrx_word' id='word_1_53' title='bbox 1272 1117 1376 1204; x_wconf 82' lang='grc' dir='ltr'>ριἰναι,</span> <span class='ocrx_word' id='word_1_54' title='bbox 1397 1139 1462 1180; x_wconf 83' lang='grc' dir='ltr'>πει-</span> 
     </span>
     <span class='ocr_line' id='line_1_7' title="bbox 339 1221 1461 1319; baseline -0.003 -25"><span class='ocrx_word' id='word_1_55' title='bbox 339 1229 521 1319; x_wconf 51' lang='grc' dir='ltr'>θανόιγκκνθ.</span> <span class='ocrx_word' id='word_1_56' title='bbox 566 1233 679 1317; x_wconf 74' lang='grc' dir='ltr'>εἴρηται</span> <span class='ocrx_word' id='word_1_57' title='bbox 700 1221 725 1292; x_wconf 79' lang='grc' dir='ltr'>θ’</span> <span class='ocrx_word' id='word_1_58' title='bbox 737 1235 767 1293; x_wconf 86' lang='grc' dir='ltr'>έν</span> <span class='ocrx_word' id='word_1_59' title='bbox 787 1241 851 1305; x_wconf 84' lang='grc' dir='ltr'>τοῖς</span> <span class='ocrx_word' id='word_1_60' title='bbox 872 1227 1054 1319; x_wconf 72' lang='grc' dir='ltr'>ἔμπροσθεν5</span> <span class='ocrx_word' id='word_1_61' title='bbox 1070 1235 1170 1295; x_wconf 81' lang='grc' dir='ltr'>ἐκεῖνοι</span> <span class='ocrx_word' id='word_1_62' title='bbox 1190 1230 1232 1293; x_wconf 84' lang='grc' dir='ltr'>τοὶ</span> <span class='ocrx_word' id='word_1_63' title='bbox 1252 1240 1308 1305; x_wconf 74' lang='grc' dir='ltr'>τῆς</span> <span class='ocrx_word' id='word_1_64' title='bbox 1322 1226 1461 1307; x_wconf 73' lang='grc' dir='ltr'>Ἑκάτης,</span> 
     </span>
     <span class='ocr_line' id='line_1_8' title="bbox 340 1331 722 1429; baseline -0.003 -25"><span class='ocrx_word' id='word_1_65' title='bbox 340 1331 377 1404; x_wconf 70' lang='grc' dir='ltr'>δι’</span> <span class='ocrx_word' id='word_1_66' title='bbox 388 1335 431 1403; x_wconf 79' lang='grc' dir='ltr'>ὧν</span> <span class='ocrx_word' id='word_1_67' title='bbox 446 1363 533 1429; x_wconf 70' lang='grc' dir='ltr'>φησιν</span> <span class='ocrx_word' id='word_1_68' title='bbox 548 1342 722 1428; x_wconf 70' lang='grc' dir='ltr'>ἐπιφαίνειν·</span> 
     </span>
    </p>

    <p class='ocr_par' dir='ltr' id='par_1_5' title="bbox 469 1448 1298 1542">
     <span class='ocr_line' id='line_1_9' title="bbox 469 1448 1298 1542; baseline 0.002 -28"><span class='ocrx_word' id='word_1_69' title='bbox 469 1448 596 1538; x_wconf 79' lang='grc' dir='ltr'>Ἠέριον,</span> <span class='ocrx_word' id='word_1_70' title='bbox 612 1451 853 1542; x_wconf 61' lang='grc' dir='ltr'>ρεγαρεγγέςθ,</span> <span class='ocrx_word' id='word_1_71' title='bbox 870 1453 1048 1540; x_wconf 50' lang='lat' dir='ltr'>accipent</span> <span class='ocrx_word' id='word_1_72' title='bbox 1064 1450 1298 1541; x_wconf 78' lang='grc' dir='ltr'>ἀστεροπληθές,</span> 
     </span>
    </p>

    <p class='ocr_par' dir='ltr' id='par_1_6' title="bbox 469 1552 1293 1651">
     <span class='ocr_line' id='line_1_10' title="bbox 469 1552 1293 1651; baseline -0.001 -25"><span class='ocrx_word' id='word_1_73' title='bbox 469 1560 630 1649; x_wconf 78' lang='grc' dir='ltr'>ἄγραντον,</span> <span class='ocrx_word' id='word_1_74' title='bbox 645 1563 741 1625; x_wconf 74' lang='grc' dir='ltr'>πολὺ6</span> <span class='ocrx_word' id='word_1_75' title='bbox 757 1552 844 1651; x_wconf 76' lang='grc' dir='ltr'>θῶμα</span> <span class='ocrx_word' id='word_1_76' title='bbox 861 1561 930 1627; x_wconf 75' lang='grc' dir='ltr'>θεοῦ</span> <span class='ocrx_word' id='word_1_77' title='bbox 945 1565 1057 1641; x_wconf 53' lang='grc' dir='ltr'>λίπονθ,</span> <span class='ocrx_word' id='word_1_78' title='bbox 1073 1554 1138 1634; x_wconf 71' lang='grc' dir='ltr'>ἠθ’9</span> <span class='ocrx_word' id='word_1_79' title='bbox 1153 1565 1293 1647; x_wconf 80' lang='grc' dir='ltr'>ἐπιβαίνω</span> 
     </span>
    </p>

    <p class='ocr_par' dir='ltr' id='par_1_7' title="bbox 469 1665 1127 1764">
     <span class='ocr_line' id='line_1_11' title="bbox 469 1665 1127 1764; baseline 0.003 -29"><span class='ocrx_word' id='word_1_80' title='bbox 469 1674 555 1764; x_wconf 75' lang='grc' dir='ltr'>γαίης</span> <span class='ocrx_word' id='word_1_81' title='bbox 571 1665 753 1763; x_wconf 74' lang='grc' dir='ltr'>ζῳοτρόροιο</span> <span class='ocrx_word' id='word_1_82' title='bbox 768 1685 838 1761; x_wconf 73' lang='grc' dir='ltr'>τεῇς</span> <span class='ocrx_word' id='word_1_83' title='bbox 853 1672 1095 1764; x_wconf 69' lang='grc' dir='ltr'>όποθτριοσόνρσι</span> <span class='ocrx_word' id='word_1_84' title='bbox 1103 1675 1127 1713; x_wconf 84' lang='lat'>¹⁰</span> 
     </span>
    </p>
   </div>
   <div class='ocr_carea' id='block_1_5' title="bbox 305 1926 1460 3791">
    <p class='ocr_par' dir='ltr' id='par_1_8' title="bbox 408 1926 1240 1998">
     <span class='ocr_line' id='line_1_12' title="bbox 408 1926 1240 1998; baseline 0 -20"><span class='ocrx_word' id='word_1_85' title='bbox 408 1933 418 1964; x_wconf 91' lang='lat'>¹</span> <span class='ocrx_word' id='word_1_86' title='bbox 439 1946 583 1996; x_wconf 83' lang='grc' dir='ltr'>ουναναστρ.</span> <span class='ocrx_word' id='word_1_87' title='bbox 600 1929 705 1992; x_wconf 75' lang='lat' dir='ltr'>GDFG,</span> <span class='ocrx_word' id='word_1_88' title='bbox 723 1935 857 1998; x_wconf 84' lang='lat' dir='ltr'>praeterea</span> <span class='ocrx_word' id='word_1_89' title='bbox 875 1927 899 1980; x_wconf 85' lang='grc' dir='ltr'>ἕν</span> <span class='ocrx_word' id='word_1_90' title='bbox 918 1947 970 1982; x_wconf 87' lang='grc' dir='ltr'>οιιι.</span> <span class='ocrx_word' id='word_1_91' title='bbox 992 1930 1021 1983; x_wconf 79' lang='lat' dir='ltr'>l).</span> <span class='ocrx_word' id='word_1_92' title='bbox 1092 1929 1102 1960; x_wconf 85' lang='lat'><strong>²</strong></span> <span class='ocrx_word' id='word_1_93' title='bbox 1122 1926 1192 1978; x_wconf 77' lang='grc' dir='ltr'>οἱονεὶ</span> <span class='ocrx_word' id='word_1_94' title='bbox 1210 1931 1240 1980; x_wconf 89' lang='grc' dir='ltr'>Λ.</span> 
     </span>
    </p>

    <p class='ocr_par' dir='ltr' id='par_1_9' title="bbox 407 2013 1138 2084">
     <span class='ocr_line' id='line_1_13' title="bbox 407 2013 1138 2084; baseline 0.001 -21"><span class='ocrx_word' id='word_1_95' title='bbox 407 2015 419 2047; x_wconf 80' lang='lat'>³</span> <span class='ocrx_word' id='word_1_96' title='bbox 438 2014 505 2064; x_wconf 72' lang='grc' dir='ltr'>οὕτω</span> <span class='ocrx_word' id='word_1_97' title='bbox 524 2030 575 2066; x_wconf 93' lang='lat' dir='ltr'>om.</span> <span class='ocrx_word' id='word_1_98' title='bbox 594 2015 647 2064; x_wconf 86' lang='lat' dir='ltr'>All.</span> <span class='ocrx_word' id='word_1_99' title='bbox 683 2016 869 2084; x_wconf 86' lang='lat' dir='ltr'>Transponunt</span> <span class='ocrx_word' id='word_1_100' title='bbox 887 2013 959 2082; x_wconf 75' lang='grc' dir='ltr'>ρᾶναι</span> <span class='ocrx_word' id='word_1_101' title='bbox 977 2016 1044 2064; x_wconf 73' lang='grc' dir='ltr'>οὗτοι</span> <span class='ocrx_word' id='word_1_102' title='bbox 1061 2014 1138 2066; x_wconf 83' lang='lat' dir='ltr'>BFG.</span> 
     </span>
    </p>

    <p class='ocr_par' dir='ltr' id='par_1_10' title="bbox 337 2096 1460 3281">
     <span class='ocr_line' id='line_1_14' title="bbox 407 2096 1460 2169; baseline 0.003 -19"><span class='ocrx_word' id='word_1_103' title='bbox 407 2102 419 2134; x_wconf 78' lang='lat'><strong>⁴</strong></span> <span class='ocrx_word' id='word_1_104' title='bbox 438 2096 608 2167; x_wconf 72' lang='grc' dir='ltr'>πειθανᾶγκαις</span> <span class='ocrx_word' id='word_1_105' title='bbox 627 2099 748 2152; x_wconf 74' lang='lat' dir='ltr'><strong>BGDFG.</strong></span> <span class='ocrx_word' id='word_1_106' title='bbox 783 2100 824 2150; x_wconf 85' lang='lat' dir='ltr'>Ex</span> <span class='ocrx_word' id='word_1_107' title='bbox 842 2099 984 2169; x_wconf 80' lang='lat' dir='ltr'>l&#39;orphyrio</span> <span class='ocrx_word' id='word_1_108' title='bbox 1004 2099 1091 2152; x_wconf 84' lang='lat' dir='ltr'>hausit</span> <span class='ocrx_word' id='word_1_109' title='bbox 1108 2101 1163 2151; x_wconf 84' lang='lat' dir='ltr'>sive</span> <span class='ocrx_word' id='word_1_110' title='bbox 1176 2099 1288 2151; x_wconf 84' lang='lat' dir='ltr'>Eusebio</span> <span class='ocrx_word' id='word_1_111' title='bbox 1299 2099 1460 2169; x_wconf 86' lang='lat' dir='ltr'>Nicephorus</span> 
     </span>
     <span class='ocr_line' id='line_1_15' title="bbox 339 2184 1460 2255; baseline -0.002 -17"><span class='ocrx_word' id='word_1_112' title='bbox 339 2187 472 2254; x_wconf 85' lang='lat' dir='ltr'>Gregoras</span> <span class='ocrx_word' id='word_1_113' title='bbox 490 2185 524 2235; x_wconf 89' lang='lat' dir='ltr'>ad</span> <span class='ocrx_word' id='word_1_114' title='bbox 539 2184 679 2251; x_wconf 82' lang='lat' dir='ltr'>Synesium</span> <span class='ocrx_word' id='word_1_115' title='bbox 701 2203 726 2253; x_wconf 87' lang='lat' dir='ltr'>p.</span> <span class='ocrx_word' id='word_1_116' title='bbox 739 2186 797 2239; x_wconf 73' lang='lat'>402.</span> <span class='ocrx_word' id='word_1_117' title='bbox 818 2186 858 2236; x_wconf 88' lang='lat' dir='ltr'>ab.</span> <span class='ocrx_word' id='word_1_118' title='bbox 878 2186 929 2253; x_wconf 83' lang='lat' dir='ltr'>(ed.</span> <span class='ocrx_word' id='word_1_119' title='bbox 941 2186 1029 2238; x_wconf 73' lang='lat' dir='ltr'>Potae.</span> <span class='ocrx_word' id='word_1_120' title='bbox 1041 2186 1126 2238; x_wconf 87' lang='lat' dir='ltr'>Lutet.</span> <span class='ocrx_word' id='word_1_121' title='bbox 1143 2185 1205 2236; x_wconf 75' lang='lat' dir='ltr'>lota</span> <span class='ocrx_word' id='word_1_122' title='bbox 1217 2185 1235 2235; x_wconf 81' lang='lat' dir='ltr'>f.</span> <span class='ocrx_word' id='word_1_123' title='bbox 1249 2187 1345 2254; x_wconf 67' lang='lat' dir='ltr'>marni:</span> <span class='ocrx_word' id='word_1_124' title='bbox 1369 2184 1392 2236; x_wconf 80' lang='lat' dir='ltr'>oi</span> <span class='ocrx_word' id='word_1_125' title='bbox 1413 2185 1460 2255; x_wconf 80' lang='grc' dir='ltr'>γὰρ</span> 
     </span>
     <span class='ocr_line' id='line_1_16' title="bbox 338 2268 1460 2341; baseline -0.001 -20"><span class='ocrx_word' id='word_1_126' title='bbox 338 2271 381 2337; x_wconf 78' lang='grc' dir='ltr'>τὴν</span> <span class='ocrx_word' id='word_1_127' title='bbox 400 2271 502 2340; x_wconf 76' lang='grc' dir='ltr'>θύραθεν</span> <span class='ocrx_word' id='word_1_128' title='bbox 521 2271 642 2338; x_wconf 73' lang='grc' dir='ltr'>μετιόντες</span> <span class='ocrx_word' id='word_1_129' title='bbox 661 2269 776 2338; x_wconf 78' lang='grc' dir='ltr'>μαντικὴν</span> <span class='ocrx_word' id='word_1_130' title='bbox 795 2268 946 2339; x_wconf 70' lang='grc' dir='ltr'>ἱεροφάνται,</span> <span class='ocrx_word' id='word_1_131' title='bbox 971 2272 1012 2332; x_wconf 90' lang='grc' dir='ltr'>οθς</span> <span class='ocrx_word' id='word_1_132' title='bbox 1037 2275 1118 2340; x_wconf 75' lang='grc' dir='ltr'>μικρῷ</span> <span class='ocrx_word' id='word_1_133' title='bbox 1141 2271 1245 2340; x_wconf 86' lang='grc' dir='ltr'>πρόσθεν</span> <span class='ocrx_word' id='word_1_134' title='bbox 1264 2269 1362 2339; x_wconf 76' lang='grc' dir='ltr'>εἰρήκει,</span> <span class='ocrx_word' id='word_1_135' title='bbox 1386 2269 1460 2341; x_wconf 75' lang='grc' dir='ltr'>μάγῳ</span> 
     </span>
     <span class='ocr_line' id='line_1_17' title="bbox 338 2352 1460 2427; baseline 0.001 -21"><span class='ocrx_word' id='word_1_136' title='bbox 338 2357 464 2427; x_wconf 79' lang='grc' dir='ltr'>χρώμενοι</span> <span class='ocrx_word' id='word_1_137' title='bbox 482 2355 556 2423; x_wconf 68' lang='grc' dir='ltr'>τέγγῃ</span> <span class='ocrx_word' id='word_1_138' title='bbox 576 2355 607 2405; x_wconf 79' lang='grc' dir='ltr'>δι’</span> <span class='ocrx_word' id='word_1_139' title='bbox 620 2352 725 2422; x_wconf 80' lang='grc' dir='ltr'>ἐπῳδῶν</span> <span class='ocrx_word' id='word_1_140' title='bbox 744 2374 815 2406; x_wconf 82' lang='grc' dir='ltr'>τινοιν</span> <span class='ocrx_word' id='word_1_141' title='bbox 837 2355 971 2426; x_wconf 80' lang='grc' dir='ltr'>κατάγουσι</span> <span class='ocrx_word' id='word_1_142' title='bbox 995 2354 1110 2425; x_wconf 72' lang='grc' dir='ltr'>δαίμονάς</span> <span class='ocrx_word' id='word_1_143' title='bbox 1134 2374 1210 2422; x_wconf 85' lang='grc' dir='ltr'>τινας,</span> <span class='ocrx_word' id='word_1_144' title='bbox 1235 2356 1275 2406; x_wconf 76' lang='grc' dir='ltr'>καὶ</span> <span class='ocrx_word' id='word_1_145' title='bbox 1297 2357 1460 2426; x_wconf 71' lang='grc' dir='ltr'>προσέχουσιν</span> 
     </span>
     <span class='ocr_line' id='line_1_18' title="bbox 339 2415 1460 2512; baseline -0.001 -19"><span class='ocrx_word' id='word_1_146' title='bbox 339 2440 443 2501; x_wconf 82' lang='grc' dir='ltr'>ἄκοντας</span> <span class='ocrx_word' id='word_1_147' title='bbox 461 2415 609 2510; x_wconf 62' lang='grc' dir='ltr'>τυραννικῶς</span> <span class='ocrx_word' id='word_1_148' title='bbox 632 2439 672 2489; x_wconf 65' lang='grc' dir='ltr'>καθ.</span> <span class='ocrx_word' id='word_1_149' title='bbox 695 2439 855 2492; x_wconf 80' lang='grc' dir='ltr'>πυνθάνονται</span> <span class='ocrx_word' id='word_1_150' title='bbox 877 2442 931 2509; x_wconf 73' lang='grc' dir='ltr'>περὶ</span> <span class='ocrx_word' id='word_1_151' title='bbox 950 2436 984 2492; x_wconf 79' lang='grc' dir='ltr'>ὧν</span> <span class='ocrx_word' id='word_1_152' title='bbox 1002 2444 1121 2512; x_wconf 66' lang='grc' dir='ltr'>χρῄζουσι</span> <span class='ocrx_word' id='word_1_153' title='bbox 1139 2442 1232 2510; x_wconf 64' lang='lat' dir='ltr'>pretato.</span> <span class='ocrx_word' id='word_1_154' title='bbox 1252 2440 1327 2506; x_wconf 77' lang='grc' dir='ltr'>δῆλον</span> <span class='ocrx_word' id='word_1_155' title='bbox 1346 2442 1372 2492; x_wconf 81' lang='grc' dir='ltr'>δὲ</span> <span class='ocrx_word' id='word_1_156' title='bbox 1388 2440 1413 2501; x_wconf 80' lang='grc' dir='ltr'>ἐξ</span> <span class='ocrx_word' id='word_1_157' title='bbox 1426 2435 1460 2493; x_wconf 78' lang='grc' dir='ltr'>ὧν</span> 
     </span>
     <span class='ocr_line' id='line_1_19' title="bbox 338 2510 1459 2598; baseline -0.002 -18"><span class='ocrx_word' id='word_1_158' title='bbox 338 2525 477 2598; x_wconf 73' lang='grc' dir='ltr'>προάγουσι</span> <span class='ocrx_word' id='word_1_159' title='bbox 495 2524 538 2592; x_wconf 78' lang='grc' dir='ltr'>τὴν</span> <span class='ocrx_word' id='word_1_160' title='bbox 550 2525 656 2591; x_wconf 67' lang='grc' dir='ltr'>’Ἑκάτην</span> <span class='ocrx_word' id='word_1_161' title='bbox 674 2510 796 2596; x_wconf 72' lang='grc' dir='ltr'>λέγουσιν</span> <span class='ocrx_word' id='word_1_162' title='bbox 808 2525 887 2595; x_wconf 75' lang='grc' dir='ltr'>ἠέριον</span> <span class='ocrx_word' id='word_1_163' title='bbox 900 2558 933 2566; x_wconf 90' lang='lat'>-</span> <span class='ocrx_word' id='word_1_164' title='bbox 946 2528 1042 2595; x_wconf 81' lang='grc' dir='ltr'>βροτός.</span> <span class='ocrx_word' id='word_1_165' title='bbox 1078 2527 1209 2579; x_wconf 86' lang='lat' dir='ltr'>Minucius</span> <span class='ocrx_word' id='word_1_166' title='bbox 1221 2526 1294 2589; x_wconf 85' lang='lat' dir='ltr'>Felix</span> <span class='ocrx_word' id='word_1_167' title='bbox 1308 2527 1364 2577; x_wconf 85' lang='lat' dir='ltr'>Oct.</span> <span class='ocrx_word' id='word_1_168' title='bbox 1377 2527 1418 2578; x_wconf 73' lang='grc'>21.</span> <span class='ocrx_word' id='word_1_169' title='bbox 1430 2528 1459 2579; x_wconf 74' lang='lat' dir='ltr'>&#39;lc</span> 
     </span>
     <span class='ocr_line' id='line_1_20' title="bbox 337 2611 1460 2682; baseline 0.001 -18"><span class='ocrx_word' id='word_1_170' title='bbox 337 2614 396 2682; x_wconf 88' lang='lat' dir='ltr'>lpse</span> <span class='ocrx_word' id='word_1_171' title='bbox 416 2613 545 2665; x_wconf 85' lang='lat' dir='ltr'>Satumus</span> <span class='ocrx_word' id='word_1_172' title='bbox 564 2618 589 2664; x_wconf 87' lang='lat' dir='ltr'>et</span> <span class='ocrx_word' id='word_1_173' title='bbox 607 2613 711 2681; x_wconf 83' lang='lat' dir='ltr'>Serapis</span> <span class='ocrx_word' id='word_1_174' title='bbox 729 2619 755 2663; x_wconf 90' lang='lat' dir='ltr'>et</span> <span class='ocrx_word' id='word_1_175' title='bbox 774 2612 887 2680; x_wconf 90' lang='lat' dir='ltr'>luppiter</span> <span class='ocrx_word' id='word_1_176' title='bbox 910 2619 936 2663; x_wconf 88' lang='lat' dir='ltr'>et</span> <span class='ocrx_word' id='word_1_177' title='bbox 953 2612 1078 2680; x_wconf 89' lang='lat' dir='ltr'>quidquid</span> <span class='ocrx_word' id='word_1_178' title='bbox 1100 2611 1258 2662; x_wconf 86' lang='lat' dir='ltr'>daemonum</span> <span class='ocrx_word' id='word_1_179' title='bbox 1281 2612 1377 2675; x_wconf 88' lang='lat' dir='ltr'>colitis,</span> <span class='ocrx_word' id='word_1_180' title='bbox 1400 2613 1460 2665; x_wconf 81' lang='lat' dir='ltr'>vieti</span> 
     </span>
     <span class='ocr_line' id='line_1_21' title="bbox 339 2695 1459 2768; baseline -0.001 -17"><span class='ocrx_word' id='word_1_181' title='bbox 339 2700 441 2761; x_wconf 89' lang='lat' dir='ltr'>dolore,</span> <span class='ocrx_word' id='word_1_182' title='bbox 465 2699 535 2768; x_wconf 81' lang='lat' dir='ltr'>quod</span> <span class='ocrx_word' id='word_1_183' title='bbox 552 2706 625 2762; x_wconf 79' lang='lat' dir='ltr'>sunt,</span> <span class='ocrx_word' id='word_1_184' title='bbox 649 2700 812 2767; x_wconf 85' lang='lat' dir='ltr'>eloquuntur.</span> <span class='ocrx_word' id='word_1_185' title='bbox 833 2696 938 2766; x_wconf 74' lang='lat' dir='ltr'>lOehler</span> <span class='ocrx_word' id='word_1_186' title='bbox 956 2702 1051 2766; x_wconf 84' lang='lat' dir='ltr'>quote</span> <span class='ocrx_word' id='word_1_187' title='bbox 1070 2696 1159 2760; x_wconf 91' lang='lat' dir='ltr'>codd.;</span> <span class='ocrx_word' id='word_1_188' title='bbox 1181 2705 1208 2748; x_wconf 90' lang='lat' dir='ltr'>at</span> <span class='ocrx_word' id='word_1_189' title='bbox 1231 2695 1280 2748; x_wconf 87' lang='lat' dir='ltr'>hoc</span> <span class='ocrx_word' id='word_1_190' title='bbox 1303 2697 1356 2749; x_wconf 88' lang='lat' dir='ltr'>iarn</span> <span class='ocrx_word' id='word_1_191' title='bbox 1374 2698 1459 2751; x_wconf 84' lang='lat' dir='ltr'>verbis</span> 
     </span>
     <span class='ocr_line' id='line_1_22' title="bbox 339 2783 1460 2857; baseline 0 -21"><span class='ocrx_word' id='word_1_192' title='bbox 339 2785 466 2857; x_wconf 85' lang='lat' dir='ltr'>quidquid</span> <span class='ocrx_word' id='word_1_193' title='bbox 482 2786 564 2836; x_wconf 89' lang='lat' dir='ltr'>daem.</span> <span class='ocrx_word' id='word_1_194' title='bbox 578 2786 626 2837; x_wconf 88' lang='lat' dir='ltr'>col.</span> <span class='ocrx_word' id='word_1_195' title='bbox 641 2785 747 2837; x_wconf 69' lang='lat' dir='ltr'>(lictum.</span> <span class='ocrx_word' id='word_1_196' title='bbox 783 2784 910 2852; x_wconf 61' lang='lat' dir='ltr'>Explic03</span> <span class='ocrx_word' id='word_1_197' title='bbox 924 2784 949 2834; x_wconf 92' lang='lat' dir='ltr'>id</span> <span class='ocrx_word' id='word_1_198' title='bbox 963 2783 1120 2851; x_wconf 88' lang='lat' dir='ltr'>eloquuntur</span> <span class='ocrx_word' id='word_1_199' title='bbox 1133 2783 1288 2851; x_wconf 78' lang='lat' dir='ltr'>quodsum,</span> <span class='ocrx_word' id='word_1_200' title='bbox 1305 2783 1323 2835; x_wconf 95' lang='lat' dir='ltr'>i.</span> <span class='ocrx_word' id='word_1_201' title='bbox 1337 2801 1360 2836; x_wconf 91' lang='lat' dir='ltr'>e.</span> <span class='ocrx_word' id='word_1_202' title='bbox 1380 2785 1460 2837; x_wconf 85' lang='lat' dir='ltr'>confi·</span> 
     </span>
     <span class='ocr_line' id='line_1_23' title="bbox 338 2869 1460 2940; baseline -0.002 -17"><span class='ocrx_word' id='word_1_203' title='bbox 338 2877 426 2923; x_wconf 85' lang='lat' dir='ltr'>tantur</span> <span class='ocrx_word' id='word_1_204' title='bbox 444 2886 575 2938; x_wconf 87' lang='lat' dir='ltr'>seneque</span> <span class='ocrx_word' id='word_1_205' title='bbox 593 2870 655 2920; x_wconf 81' lang='lat' dir='ltr'>deos</span> <span class='ocrx_word' id='word_1_206' title='bbox 674 2887 730 2921; x_wconf 84' lang='lat' dir='ltr'>esso</span> <span class='ocrx_word' id='word_1_207' title='bbox 749 2886 833 2940; x_wconf 85' lang='lat' dir='ltr'>neque</span> <span class='ocrx_word' id='word_1_208' title='bbox 852 2871 1057 2938; x_wconf 76' lang='lat' dir='ltr'>omnipotentes,</span> <span class='ocrx_word' id='word_1_209' title='bbox 1080 2869 1126 2920; x_wconf 87' lang='lat' dir='ltr'>sed</span> <span class='ocrx_word' id='word_1_210' title='bbox 1149 2869 1289 2920; x_wconf 86' lang='lat' dir='ltr'>daemones</span> <span class='ocrx_word' id='word_1_211' title='bbox 1310 2870 1360 2920; x_wconf 91' lang='lat' dir='ltr'>arti</span> <span class='ocrx_word' id='word_1_212' title='bbox 1377 2870 1460 2938; x_wconf 80' lang='lat' dir='ltr'>magi-</span> 
     </span>
     <span class='ocr_line' id='line_1_24' title="bbox 338 2952 1459 3024; baseline -0.003 -16"><span class='ocrx_word' id='word_1_213' title='bbox 338 2974 383 3009; x_wconf 84' lang='lat' dir='ltr'>cae</span> <span class='ocrx_word' id='word_1_214' title='bbox 402 2956 547 3022; x_wconf 75' lang='lat' dir='ltr'>obnoxios)</span> <span class='ocrx_word' id='word_1_215' title='bbox 566 2998 592 3009; x_wconf 90' lang='lat'>..</span> <span class='ocrx_word' id='word_1_216' title='bbox 611 2956 665 3007; x_wconf 91' lang='lat' dir='ltr'>lam</span> <span class='ocrx_word' id='word_1_217' title='bbox 684 2955 756 3006; x_wconf 89' lang='lat' dir='ltr'>Plato</span> <span class='ocrx_word' id='word_1_218' title='bbox 775 2956 802 3006; x_wconf 93' lang='lat' dir='ltr'>in</span> <span class='ocrx_word' id='word_1_219' title='bbox 820 2972 873 3024; x_wconf 86' lang='lat' dir='ltr'>rep.</span> <span class='ocrx_word' id='word_1_220' title='bbox 886 2956 938 3009; x_wconf 65' lang='grc' dir='ltr'>Ἡ</span> <span class='ocrx_word' id='word_1_221' title='bbox 956 2973 982 3023; x_wconf 87' lang='lat' dir='ltr'>p.</span> <span class='ocrx_word' id='word_1_222' title='bbox 996 2955 1047 3006; x_wconf 73' lang='lat'>364</span> <span class='ocrx_word' id='word_1_223' title='bbox 1058 2957 1088 3006; x_wconf 92' lang='lat' dir='ltr'>bc</span> <span class='ocrx_word' id='word_1_224' title='bbox 1107 2956 1155 3006; x_wconf 87' lang='lat' dir='ltr'>ait:</span> <span class='ocrx_word' id='word_1_225' title='bbox 1175 2952 1278 3023; x_wconf 81' lang='grc' dir='ltr'>ἀγύρται</span> <span class='ocrx_word' id='word_1_226' title='bbox 1296 2953 1322 3005; x_wconf 78' lang='grc' dir='ltr'>δὲ</span> <span class='ocrx_word' id='word_1_227' title='bbox 1340 2955 1381 3005; x_wconf 77' lang='grc' dir='ltr'>καὶ</span> <span class='ocrx_word' id='word_1_228' title='bbox 1399 2954 1459 3024; x_wconf 83' lang='grc' dir='ltr'>ράν-</span> 
     </span>
     <span class='ocr_line' id='line_1_25' title="bbox 338 3039 1459 3111; baseline 0.001 -18"><span class='ocrx_word' id='word_1_229' title='bbox 338 3060 383 3103; x_wconf 83' lang='grc' dir='ltr'>τεις</span> <span class='ocrx_word' id='word_1_230' title='bbox 403 3081 429 3093; x_wconf 82' lang='grc'>.,</span> <span class='ocrx_word' id='word_1_231' title='bbox 449 3039 593 3109; x_wconf 76' lang='grc' dir='ltr'>ἐπαγωγαῖς</span> <span class='ocrx_word' id='word_1_232' title='bbox 612 3039 659 3092; x_wconf 84' lang='grc' dir='ltr'>τὶσι</span> <span class='ocrx_word' id='word_1_233' title='bbox 677 3040 716 3091; x_wconf 75' lang='grc' dir='ltr'>καὶ</span> <span class='ocrx_word' id='word_1_234' title='bbox 735 3040 896 3111; x_wconf 74' lang='grc' dir='ltr'>καταδέσμοις</span> <span class='ocrx_word' id='word_1_235' title='bbox 915 3041 972 3101; x_wconf 70' lang='grc' dir='ltr'>τοὺς</span> <span class='ocrx_word' id='word_1_236' title='bbox 991 3041 1072 3108; x_wconf 80' lang='grc' dir='ltr'>θεούς,</span> <span class='ocrx_word' id='word_1_237' title='bbox 1097 3040 1131 3100; x_wconf 83' lang='grc' dir='ltr'>ὥς</span> <span class='ocrx_word' id='word_1_238' title='bbox 1150 3059 1221 3109; x_wconf 81' lang='grc' dir='ltr'>φασι,</span> <span class='ocrx_word' id='word_1_239' title='bbox 1240 3040 1360 3099; x_wconf 75' lang='grc' dir='ltr'>πείθοντές</span> <span class='ocrx_word' id='word_1_240' title='bbox 1379 3058 1459 3110; x_wconf 83' lang='grc' dir='ltr'>σρισιν</span> 
     </span>
     <span class='ocr_line' id='line_1_26' title="bbox 339 3127 474 3197; baseline -0.022 -18"><span class='ocrx_word' id='word_1_241' title='bbox 339 3127 474 3197; x_wconf 76' lang='grc' dir='ltr'>ὑπηρετεῖν.</span> 
     </span>
     <span class='ocr_line' id='line_1_27' title="bbox 343 3212 614 3281; baseline 0.004 -18"><span class='ocrx_word' id='word_1_242' title='bbox 343 3251 345 3253; x_wconf 86' lang='grc'>-</span> <span class='ocrx_word' id='word_1_243' title='bbox 407 3212 547 3281; x_wconf 63' lang='grc' dir='ltr'>’πρόσθεν</span> <span class='ocrx_word' id='word_1_244' title='bbox 562 3212 614 3264; x_wconf 85' lang='lat' dir='ltr'>All.</span> 
     </span>
    </p>

    <p class='ocr_par' dir='ltr' id='par_1_11' title="bbox 305 3295 1459 3791">
     <span class='ocr_line' id='line_1_28' title="bbox 406 3295 1459 3367; baseline 0 -18"><span class='ocrx_word' id='word_1_245' title='bbox 406 3299 418 3332; x_wconf 85' lang='lat'><strong>⁶</strong></span> <span class='ocrx_word' id='word_1_246' title='bbox 436 3298 481 3349; x_wconf 82' lang='lat' dir='ltr'>Sic</span> <span class='ocrx_word' id='word_1_247' title='bbox 499 3299 590 3367; x_wconf 82' lang='lat' dir='ltr'><strong>scripsi</strong></span> <span class='ocrx_word' id='word_1_248' title='bbox 608 3315 654 3366; x_wconf 90' lang='lat' dir='ltr'>pro</span> <span class='ocrx_word' id='word_1_249' title='bbox 674 3297 735 3366; x_wconf 77' lang='grc' dir='ltr'>μετὰ</span> <span class='ocrx_word' id='word_1_250' title='bbox 753 3297 852 3366; x_wconf 77' lang='grc' dir='ltr'>φέγγος.</span> <span class='ocrx_word' id='word_1_251' title='bbox 887 3299 975 3365; x_wconf 80' lang='lat' dir='ltr'>Viger.</span> <span class='ocrx_word' id='word_1_252' title='bbox 999 3298 1067 3348; x_wconf 91' lang='lat' dir='ltr'>coni.</span> <span class='ocrx_word' id='word_1_253' title='bbox 1090 3295 1165 3359; x_wconf 81' lang='grc' dir='ltr'>κατά,</span> <span class='ocrx_word' id='word_1_254' title='bbox 1188 3302 1218 3348; x_wconf 87' lang='lat' dir='ltr'>ut</span> <span class='ocrx_word' id='word_1_255' title='bbox 1240 3313 1286 3366; x_wconf 86' lang='lat' dir='ltr'>per</span> <span class='ocrx_word' id='word_1_256' title='bbox 1309 3298 1403 3349; x_wconf 88' lang='lat' dir='ltr'>tmesin</span> <span class='ocrx_word' id='word_1_257' title='bbox 1426 3298 1459 3349; x_wconf 87' lang='lat' dir='ltr'>ad</span> 
     </span>
     <span class='ocr_line' id='line_1_29' title="bbox 338 3370 1458 3453; baseline -0.001 -18"><span class='ocrx_word' id='word_1_258' title='bbox 338 3383 411 3435; x_wconf 80' lang='grc' dir='ltr'>λίπον</span> <span class='ocrx_word' id='word_1_259' title='bbox 429 3370 570 3453; x_wconf 80' lang='lat' dir='ltr'>pertineat,</span> <span class='ocrx_word' id='word_1_260' title='bbox 590 3400 631 3452; x_wconf 86' lang='lat' dir='ltr'>ap.</span> <span class='ocrx_word' id='word_1_261' title='bbox 645 3383 727 3437; x_wconf 83' lang='lat' dir='ltr'>Gaisf.</span> <span class='ocrx_word' id='word_1_262' title='bbox 747 3383 851 3451; x_wconf 87' lang='lat' dir='ltr'>quidam</span> <span class='ocrx_word' id='word_1_263' title='bbox 866 3382 943 3450; x_wconf 65' lang='lat' dir='ltr'>pipo:</span> <span class='ocrx_word' id='word_1_264' title='bbox 963 3382 1008 3432; x_wconf 91' lang='lat' dir='ltr'>sed</span> <span class='ocrx_word' id='word_1_265' title='bbox 1027 3383 1078 3433; x_wconf 89' lang='lat' dir='ltr'>duo</span> <span class='ocrx_word' id='word_1_266' title='bbox 1097 3383 1199 3433; x_wconf 86' lang='lat' dir='ltr'>obiecta</span> <span class='ocrx_word' id='word_1_267' title='bbox 1217 3382 1240 3432; x_wconf 92' lang='lat' dir='ltr'>si</span> <span class='ocrx_word' id='word_1_268' title='bbox 1258 3386 1357 3444; x_wconf 84' lang='lat' dir='ltr'>essent,</span> <span class='ocrx_word' id='word_1_269' title='bbox 1375 3383 1458 3434; x_wconf 83' lang='lat' dir='ltr'>utrius</span> 
     </span>
     <span class='ocr_line' id='line_1_30' title="bbox 338 3465 1459 3538; baseline -0.003 -17"><span class='ocrx_word' id='word_1_270' title='bbox 338 3468 472 3538; x_wconf 75' lang='lat' dir='ltr'>epitheton</span> <span class='ocrx_word' id='word_1_271' title='bbox 496 3469 617 3537; x_wconf 90' lang='lat' dir='ltr'>quodque</span> <span class='ocrx_word' id='word_1_272' title='bbox 640 3474 721 3531; x_wconf 85' lang='lat' dir='ltr'>esset,</span> <span class='ocrx_word' id='word_1_273' title='bbox 744 3469 865 3520; x_wconf 86' lang='lat' dir='ltr'>nescires.</span> <span class='ocrx_word' id='word_1_274' title='bbox 901 3465 969 3517; x_wconf 82' lang='grc' dir='ltr'>Ἀστ.</span> <span class='ocrx_word' id='word_1_275' title='bbox 992 3473 1061 3517; x_wconf 86' lang='lat' dir='ltr'>certe</span> <span class='ocrx_word' id='word_1_276' title='bbox 1084 3467 1116 3517; x_wconf 90' lang='lat' dir='ltr'>ad</span> <span class='ocrx_word' id='word_1_277' title='bbox 1141 3466 1231 3535; x_wconf 79' lang='grc' dir='ltr'>ρέγγος</span> <span class='ocrx_word' id='word_1_278' title='bbox 1253 3483 1306 3517; x_wconf 90' lang='lat' dir='ltr'>non</span> <span class='ocrx_word' id='word_1_279' title='bbox 1329 3468 1459 3530; x_wconf 84' lang='lat' dir='ltr'>convenit,</span> 
     </span>
     <span class='ocr_line' id='line_1_31' title="bbox 338 3551 1459 3623; baseline -0.002 -17"><span class='ocrx_word' id='word_1_280' title='bbox 338 3556 413 3623; x_wconf 88' lang='lat' dir='ltr'>quia,</span> <span class='ocrx_word' id='word_1_281' title='bbox 429 3555 452 3605; x_wconf 87' lang='lat' dir='ltr'>si</span> <span class='ocrx_word' id='word_1_282' title='bbox 465 3571 612 3621; x_wconf 81' lang='lat' dir='ltr'>synonyma</span> <span class='ocrx_word' id='word_1_283' title='bbox 624 3560 685 3606; x_wconf 87' lang='lat' dir='ltr'>sunt</span> <span class='ocrx_word' id='word_1_284' title='bbox 698 3554 787 3622; x_wconf 77' lang='grc' dir='ltr'>φέγγος</span> <span class='ocrx_word' id='word_1_285' title='bbox 801 3558 827 3604; x_wconf 89' lang='lat' dir='ltr'>et</span> <span class='ocrx_word' id='word_1_286' title='bbox 840 3554 925 3620; x_wconf 76' lang='grc' dir='ltr'>δῶμα,</span> <span class='ocrx_word' id='word_1_287' title='bbox 944 3552 1007 3603; x_wconf 87' lang='lat' dir='ltr'>illud</span> <span class='ocrx_word' id='word_1_288' title='bbox 1019 3568 1099 3620; x_wconf 90' lang='lat' dir='ltr'>supra</span> <span class='ocrx_word' id='word_1_289' title='bbox 1111 3551 1197 3602; x_wconf 88' lang='lat' dir='ltr'>sidera</span> <span class='ocrx_word' id='word_1_290' title='bbox 1209 3551 1305 3602; x_wconf 89' lang='lat' dir='ltr'>elatum</span> <span class='ocrx_word' id='word_1_291' title='bbox 1318 3568 1375 3602; x_wconf 84' lang='lat' dir='ltr'>esse</span> <span class='ocrx_word' id='word_1_292' title='bbox 1388 3553 1459 3620; x_wconf 82' lang='lat' dir='ltr'>eogi-</span> 
     </span>
     <span class='ocr_line' id='line_1_32' title="bbox 337 3636 1458 3704; baseline -0.002 -13"><span class='ocrx_word' id='word_1_293' title='bbox 337 3646 420 3691; x_wconf 85' lang='lat' dir='ltr'>tatur:</span> <span class='ocrx_word' id='word_1_294' title='bbox 449 3640 491 3691; x_wconf 90' lang='lat' dir='ltr'>sin</span> <span class='ocrx_word' id='word_1_295' title='bbox 512 3641 560 3690; x_wconf 85' lang='lat' dir='ltr'>lux</span> <span class='ocrx_word' id='word_1_296' title='bbox 582 3644 608 3690; x_wconf 90' lang='lat' dir='ltr'>et</span> <span class='ocrx_word' id='word_1_297' title='bbox 630 3640 724 3690; x_wconf 89' lang='lat' dir='ltr'>domus</span> <span class='ocrx_word' id='word_1_298' title='bbox 748 3639 877 3701; x_wconf 84' lang='lat' dir='ltr'>diversae,</span> <span class='ocrx_word' id='word_1_299' title='bbox 908 3637 948 3687; x_wconf 80' lang='grc' dir='ltr'>καί</span> <span class='ocrx_word' id='word_1_300' title='bbox 971 3637 1138 3689; x_wconf 88' lang='lat' dir='ltr'>desideratur.</span> <span class='ocrx_word' id='word_1_301' title='bbox 1175 3636 1271 3688; x_wconf 81' lang='lat' dir='ltr'>Contra</span> <span class='ocrx_word' id='word_1_302' title='bbox 1294 3637 1408 3704; x_wconf 88' lang='lat' dir='ltr'>epitheta</span> <span class='ocrx_word' id='word_1_303' title='bbox 1431 3638 1458 3689; x_wconf 92' lang='lat' dir='ltr'>in</span> 
     </span>
     <span class='ocr_line' id='line_1_33' title="bbox 305 3722 1456 3791; baseline -0.004 -14"><span class='ocrx_word' id='word_1_304' title='bbox 305 3739 306 3742; x_wconf 76' lang='grc'>’</span> <span class='ocrx_word' id='word_1_305' title='bbox 337 3742 420 3777; x_wconf 89' lang='lat' dir='ltr'>unum</span> <span class='ocrx_word' id='word_1_306' title='bbox 443 3726 526 3777; x_wconf 79' lang='lat' dir='ltr'>subet.</span> <span class='ocrx_word' id='word_1_307' title='bbox 549 3726 680 3776; x_wconf 85' lang='lat' dir='ltr'>cumulata</span> <span class='ocrx_word' id='word_1_308' title='bbox 701 3725 838 3776; x_wconf 78' lang='lat' dir='ltr'>sollemnia</span> <span class='ocrx_word' id='word_1_309' title='bbox 861 3730 922 3775; x_wconf 88' lang='lat' dir='ltr'>sunt</span> <span class='ocrx_word' id='word_1_310' title='bbox 942 3723 1017 3791; x_wconf 71' lang='lat' dir='ltr'>poesi</span> <span class='ocrx_word' id='word_1_311' title='bbox 1034 3722 1208 3791; x_wconf 77' lang='lat' dir='ltr'>posteriorum</span> <span class='ocrx_word' id='word_1_312' title='bbox 1226 3738 1323 3772; x_wconf 75' lang='lat' dir='ltr'>sacrae</span> <span class='ocrx_word' id='word_1_313' title='bbox 1359 3722 1456 3790; x_wconf 82' lang='grc' dir='ltr'>θΙιγαρ.</span> 
     </span>
    </p>
   </div>
   <div class='ocr_carea' id='block_1_6' title="bbox 336 3806 1554 3965">
    <p class='ocr_par' dir='ltr' id='par_1_12' title="bbox 336 3806 1554 3965">
     <span class='ocr_line' id='line_1_34' title="bbox 336 3806 1484 3877; baseline -0.004 -15"><span class='ocrx_word' id='word_1_314' title='bbox 336 3812 481 3862; x_wconf 83' lang='lat' dir='ltr'>formatum</span> <span class='ocrx_word' id='word_1_315' title='bbox 493 3815 523 3862; x_wconf 86' lang='lat' dir='ltr'>ut</span> <span class='ocrx_word' id='word_1_316' title='bbox 534 3809 691 3877; x_wconf 76' lang='grc' dir='ltr'>πολορεγγής</span> <span class='ocrx_word' id='word_1_317' title='bbox 705 3826 745 3877; x_wconf 90' lang='lat' dir='ltr'>ap.</span> <span class='ocrx_word' id='word_1_318' title='bbox 756 3808 906 3861; x_wconf 86' lang='lat' dir='ltr'>Manethon.</span> <span class='ocrx_word' id='word_1_319' title='bbox 919 3809 942 3861; x_wconf 80' lang='lat'>2.</span> <span class='ocrx_word' id='word_1_320' title='bbox 957 3808 1007 3859; x_wconf 67' lang='lat'>347</span> <span class='ocrx_word' id='word_1_321' title='bbox 1019 3808 1062 3869; x_wconf 88' lang='lat' dir='ltr'>al,</span> <span class='ocrx_word' id='word_1_322' title='bbox 1075 3808 1127 3858; x_wconf 92' lang='lat' dir='ltr'>nisi</span> <span class='ocrx_word' id='word_1_323' title='bbox 1140 3808 1206 3858; x_wconf 86' lang='lat' dir='ltr'>forte</span> <span class='ocrx_word' id='word_1_324' title='bbox 1219 3806 1267 3858; x_wconf 91' lang='lat' dir='ltr'>hoc</span> <span class='ocrx_word' id='word_1_325' title='bbox 1281 3807 1367 3875; x_wconf 91' lang='lat' dir='ltr'>ipsum</span> <span class='ocrx_word' id='word_1_326' title='bbox 1380 3807 1458 3859; x_wconf 88' lang='grc' dir='ltr'>πολυ-</span> <span class='ocrx_word' id='word_1_327' title='bbox 1481 3870 1484 3877; x_wconf 29' lang='grc'>1</span> 
     </span>
     <span class='ocr_line' id='line_1_35' title="bbox 338 3891 1554 3965; baseline 0 -19"><span class='ocrx_word' id='word_1_328' title='bbox 338 3894 426 3965; x_wconf 69' lang='grc' dir='ltr'>ριγγές</span> <span class='ocrx_word' id='word_1_329' title='bbox 445 3896 548 3947; x_wconf 90' lang='lat' dir='ltr'>oraculo</span> <span class='ocrx_word' id='word_1_330' title='bbox 567 3895 768 3957; x_wconf 84' lang='lat' dir='ltr'>restituendum,</span> <span class='ocrx_word' id='word_1_331' title='bbox 794 3894 858 3963; x_wconf 81' lang='grc' dir='ltr'>μέγα</span> <span class='ocrx_word' id='word_1_332' title='bbox 877 3899 964 3944; x_wconf 85' lang='lat' dir='ltr'>autem</span> <span class='ocrx_word' id='word_1_333' title='bbox 982 3910 1028 3961; x_wconf 91' lang='lat' dir='ltr'>pro</span> <span class='ocrx_word' id='word_1_334' title='bbox 1048 3891 1112 3942; x_wconf 84' lang='grc' dir='ltr'>πολό</span> <span class='ocrx_word' id='word_1_335' title='bbox 1130 3893 1157 3943; x_wconf 93' lang='lat' dir='ltr'>in</span> <span class='ocrx_word' id='word_1_336' title='bbox 1175 3909 1200 3944; x_wconf 81' lang='lat' dir='ltr'>u.</span> <span class='ocrx_word' id='word_1_337' title='bbox 1218 3910 1272 3961; x_wconf 88' lang='lat' dir='ltr'>seq.</span> <span class='ocrx_word' id='word_1_338' title='bbox 1292 3894 1458 3947; x_wconf 82' lang='lat' dir='ltr'>scribendum</span> <span class='ocrx_word' id='word_1_339' title='bbox 1549 3891 1554 3899; x_wconf 82' lang='grc'><strong>’</strong></span> 
     </span>
    </p>
   </div>
   <div class='ocr_carea' id='block_1_7' title="bbox 313 3979 1459 4653">
    <p class='ocr_par' dir='ltr' id='par_1_13' title="bbox 336 3979 1459 4220">
     <span class='ocr_line' id='line_1_36' title="bbox 337 3979 1459 4048; baseline 0 -16"><span class='ocrx_word' id='word_1_340' title='bbox 337 3988 388 4032; x_wconf 87' lang='lat' dir='ltr'>est:</span> <span class='ocrx_word' id='word_1_341' title='bbox 413 3981 496 4031; x_wconf 90' lang='lat' dir='ltr'>altera</span> <span class='ocrx_word' id='word_1_342' title='bbox 518 3981 587 4031; x_wconf 91' lang='lat' dir='ltr'>enim</span> <span class='ocrx_word' id='word_1_343' title='bbox 610 3998 662 4032; x_wconf 80' lang='lat' dir='ltr'>vox</span> <span class='ocrx_word' id='word_1_344' title='bbox 681 3981 730 4031; x_wconf 89' lang='lat' dir='ltr'>sub</span> <span class='ocrx_word' id='word_1_345' title='bbox 750 3982 831 4031; x_wconf 86' lang='lat' dir='ltr'>altera</span> <span class='ocrx_word' id='word_1_346' title='bbox 850 3979 948 4046; x_wconf 89' lang='lat' dir='ltr'>scripta</span> <span class='ocrx_word' id='word_1_347' title='bbox 971 3979 1126 4030; x_wconf 88' lang='lat' dir='ltr'>commutari</span> <span class='ocrx_word' id='word_1_348' title='bbox 1147 3984 1257 4047; x_wconf 86' lang='lat' dir='ltr'>poterat.</span> <span class='ocrx_word' id='word_1_349' title='bbox 1294 3979 1459 4048; x_wconf 83' lang='lat' dir='ltr'>Quamquam</span> 
     </span>
     <span class='ocr_line' id='line_1_37' title="bbox 336 4062 1458 4135; baseline -0.001 -17"><span class='ocrx_word' id='word_1_350' title='bbox 336 4067 456 4135; x_wconf 86' lang='lat' dir='ltr'>intellegi</span> <span class='ocrx_word' id='word_1_351' title='bbox 473 4070 560 4134; x_wconf 87' lang='lat' dir='ltr'>potest</span> <span class='ocrx_word' id='word_1_352' title='bbox 577 4065 657 4129; x_wconf 78' lang='grc' dir='ltr'>πολό;</span> <span class='ocrx_word' id='word_1_353' title='bbox 675 4071 715 4116; x_wconf 89' lang='lat' dir='ltr'>est</span> <span class='ocrx_word' id='word_1_354' title='bbox 733 4065 802 4117; x_wconf 90' lang='lat' dir='ltr'>enim</span> <span class='ocrx_word' id='word_1_355' title='bbox 821 4065 934 4131; x_wconf 87' lang='lat' dir='ltr'>saepe-i.</span> <span class='ocrx_word' id='word_1_356' title='bbox 947 4079 972 4131; x_wconf 90' lang='lat' dir='ltr'>q.</span> <span class='ocrx_word' id='word_1_357' title='bbox 990 4064 1091 4133; x_wconf 82' lang='lat' dir='ltr'>iugens.</span> <span class='ocrx_word' id='word_1_358' title='bbox 1126 4062 1190 4117; x_wconf 90' lang='lat' dir='ltr'>Lob.</span> <span class='ocrx_word' id='word_1_359' title='bbox 1201 4082 1248 4134; x_wconf 91' lang='lat' dir='ltr'>pro</span> <span class='ocrx_word' id='word_1_360' title='bbox 1266 4064 1315 4117; x_wconf 92' lang='lat' dir='ltr'>hoc</span> <span class='ocrx_word' id='word_1_361' title='bbox 1335 4065 1384 4117; x_wconf 87' lang='lat' dir='ltr'>adi.</span> <span class='ocrx_word' id='word_1_362' title='bbox 1398 4063 1458 4117; x_wconf 81' lang='grc' dir='ltr'>πάλι</span> 
     </span>
     <span class='ocr_line' id='line_1_38' title="bbox 337 4150 600 4220; baseline 0.004 -17"><span class='ocrx_word' id='word_1_363' title='bbox 337 4152 405 4204; x_wconf 89' lang='lat' dir='ltr'>coni.</span> <span class='ocrx_word' id='word_1_364' title='bbox 423 4152 483 4219; x_wconf 80' lang='lat' dir='ltr'>Agl.</span> <span class='ocrx_word' id='word_1_365' title='bbox 502 4168 528 4220; x_wconf 93' lang='lat' dir='ltr'>p.</span> <span class='ocrx_word' id='word_1_366' title='bbox 543 4150 600 4204; x_wconf 73' lang='lat'>225.</span> 
     </span>
    </p>

    <p class='ocr_par' dir='ltr' id='par_1_14' title="bbox 406 4233 1162 4306">
     <span class='ocr_line' id='line_1_39' title="bbox 406 4233 1162 4306; baseline 0.003 -21"><span class='ocrx_word' id='word_1_367' title='bbox 406 4237 416 4270; x_wconf 72' lang='lat'>²</span> <span class='ocrx_word' id='word_1_368' title='bbox 436 4233 550 4306; x_wconf 76' lang='grc' dir='ltr'>ἀδήριτον</span> <span class='ocrx_word' id='word_1_369' title='bbox 567 4236 621 4288; x_wconf 87' lang='grc' dir='ltr'>ΑΗ.</span> <span class='ocrx_word' id='word_1_370' title='bbox 776 4235 786 4269; x_wconf 79' lang='lat'>⁸</span> <span class='ocrx_word' id='word_1_371' title='bbox 805 4233 889 4285; x_wconf 81' lang='grc' dir='ltr'>λεῖπον</span> <span class='ocrx_word' id='word_1_372' title='bbox 907 4234 1014 4299; x_wconf 74' lang='lat' dir='ltr'>Beue,</span> <span class='ocrx_word' id='word_1_373' title='bbox 1032 4234 1098 4287; x_wconf 76' lang='grc' dir='ltr'>λεῖον</span> <span class='ocrx_word' id='word_1_374' title='bbox 1116 4236 1162 4290; x_wconf 85' lang='lat' dir='ltr'>F.-</span> 
     </span>
    </p>

    <p class='ocr_par' dir='ltr' id='par_1_15' title="bbox 339 4317 1456 4475">
     <span class='ocr_line' id='line_1_40' title="bbox 406 4317 1456 4391; baseline 0.003 -20"><span class='ocrx_word' id='word_1_375' title='bbox 406 4320 451 4386; x_wconf 65' lang='grc' dir='ltr'>θὴ</span> <span class='ocrx_word' id='word_1_376' title='bbox 471 4321 492 4371; x_wconf 79' lang='grc' dir='ltr'>δ’</span> <span class='ocrx_word' id='word_1_377' title='bbox 510 4322 602 4389; x_wconf 82' lang='lat' dir='ltr'>vulgo,</span> <span class='ocrx_word' id='word_1_378' title='bbox 624 4321 640 4386; x_wconf 74' lang='grc' dir='ltr'>ἦ</span> <span class='ocrx_word' id='word_1_379' title='bbox 659 4321 680 4371; x_wconf 77' lang='grc' dir='ltr'>δ’</span> <span class='ocrx_word' id='word_1_380' title='bbox 699 4319 803 4383; x_wconf 70' lang='lat' dir='ltr'>Bure,</span> <span class='ocrx_word' id='word_1_381' title='bbox 827 4322 902 4374; x_wconf 89' lang='lat' dir='ltr'>euius</span> <span class='ocrx_word' id='word_1_382' title='bbox 926 4322 1043 4375; x_wconf 88' lang='lat' dir='ltr'>lectionis</span> <span class='ocrx_word' id='word_1_383' title='bbox 1065 4324 1162 4374; x_wconf 91' lang='lat' dir='ltr'>lemma</span> <span class='ocrx_word' id='word_1_384' title='bbox 1185 4338 1266 4391; x_wconf 89' lang='lat' dir='ltr'>quum</span> <span class='ocrx_word' id='word_1_385' title='bbox 1284 4317 1304 4370; x_wconf 88' lang='grc' dir='ltr'>εἶ</span> <span class='ocrx_word' id='word_1_386' title='bbox 1322 4319 1343 4369; x_wconf 81' lang='grc' dir='ltr'>δ’</span> <span class='ocrx_word' id='word_1_387' title='bbox 1362 4320 1396 4371; x_wconf 87' lang='lat' dir='ltr'>sit</span> <span class='ocrx_word' id='word_1_388' title='bbox 1413 4336 1456 4389; x_wconf 87' lang='lat' dir='ltr'>ap.</span> 
     </span>
     <span class='ocr_line' id='line_1_41' title="bbox 339 4404 964 4475; baseline -0.002 -15"><span class='ocrx_word' id='word_1_389' title='bbox 339 4407 437 4470; x_wconf 67' lang='lat' dir='ltr'>(laist,</span> <span class='ocrx_word' id='word_1_390' title='bbox 455 4407 509 4459; x_wconf 87' lang='lat' dir='ltr'>rell.</span> <span class='ocrx_word' id='word_1_391' title='bbox 525 4405 602 4458; x_wconf 82' lang='lat' dir='ltr'>codd.</span> <span class='ocrx_word' id='word_1_392' title='bbox 620 4405 669 4457; x_wconf 92' lang='lat' dir='ltr'>hoe</span> <span class='ocrx_word' id='word_1_393' title='bbox 686 4404 805 4457; x_wconf 86' lang='lat' dir='ltr'>videntur</span> <span class='ocrx_word' id='word_1_394' title='bbox 823 4409 964 4475; x_wconf 59' lang='lat' dir='ltr'>praebere..</span> 
     </span>
    </p>

    <p class='ocr_par' dir='ltr' id='par_1_16' title="bbox 313 4488 1456 4653">
     <span class='ocr_line' id='line_1_42' title="bbox 396 4488 1456 4560; baseline 0.001 -17"><span class='ocrx_word' id='word_1_395' title='bbox 396 4492 419 4525; x_wconf 91' lang='lat'>¹⁰</span> <span class='ocrx_word' id='word_1_396' title='bbox 438 4490 646 4560; x_wconf 77' lang='grc' dir='ltr'>όποθηριοσόνοισι</span> <span class='ocrx_word' id='word_1_397' title='bbox 669 4490 767 4545; x_wconf 83' lang='lat' dir='ltr'>BOFG.</span> <span class='ocrx_word' id='word_1_398' title='bbox 792 4522 826 4531; x_wconf 87' lang='lat'>—</span> <span class='ocrx_word' id='word_1_399' title='bbox 848 4493 908 4545; x_wconf 89' lang='lat' dir='ltr'>Dat.</span> <span class='ocrx_word' id='word_1_400' title='bbox 932 4498 973 4544; x_wconf 86' lang='lat' dir='ltr'>est</span> <span class='ocrx_word' id='word_1_401' title='bbox 994 4494 1068 4545; x_wconf 90' lang='lat' dir='ltr'>instr.</span> <span class='ocrx_word' id='word_1_402' title='bbox 1108 4492 1157 4544; x_wconf 89' lang='lat' dir='ltr'>Per</span> <span class='ocrx_word' id='word_1_403' title='bbox 1180 4498 1237 4544; x_wconf 85' lang='lat' dir='ltr'>tuas</span> <span class='ocrx_word' id='word_1_404' title='bbox 1261 4488 1456 4547; x_wconf 79' lang='lat' dir='ltr'>exhortationes</span> 
     </span>
     <span class='ocr_line' id='line_1_43' title="bbox 313 4577 1140 4653; baseline -0.006 -21"><span class='ocrx_word' id='word_1_405' title='bbox 313 4649 316 4653; x_wconf 13' lang='grc' dir='ltr'><strong>Δ</strong></span> <span class='ocrx_word' id='word_1_406' title='bbox 338 4592 547 4649; x_wconf 83' lang='lat' dir='ltr'>arcanorumque</span> <span class='ocrx_word' id='word_1_407' title='bbox 564 4578 703 4631; x_wconf 79' lang='lat' dir='ltr'>uerborum</span> <span class='ocrx_word' id='word_1_408' title='bbox 721 4577 855 4633; x_wconf 84' lang='lat' dir='ltr'>suadelam</span> <span class='ocrx_word' id='word_1_409' title='bbox 873 4578 968 4632; x_wconf 85' lang='lat' dir='ltr'>accedo</span> <span class='ocrx_word' id='word_1_410' title='bbox 987 4578 1019 4631; x_wconf 89' lang='lat' dir='ltr'>ad</span> <span class='ocrx_word' id='word_1_411' title='bbox 1037 4583 1140 4632; x_wconf 88' lang='lat' dir='ltr'>terram.</span> 
     </span>
    </p>
   </div>
   <div class='ocr_carea' id='block_1_8' title="bbox 1500 1141 1512 1170">
    <p class='ocr_par' dir='ltr' id='par_1_17' title="bbox 1500 1141 1512 1170">
     <span class='ocr_line' id='line_1_44' title="bbox 1500 1141 1512 1170; baseline 0 0"><span class='ocrx_word' id='word_1_412' title='bbox 1500 1141 1512 1170; x_wconf 74' lang='lat'>0</span> 
     </span>
    </p>
   </div>
   <div class='ocr_carea' id='block_1_9' title="bbox 0 0 1800 5400">
    <p class='ocr_par' dir='ltr' id='par_1_18' title="bbox 0 0 1800 5400">
     <span class='ocr_line' id='line_1_45' title="bbox 0 0 1800 5400; baseline 0 0"><span class='ocrx_word' id='word_1_413' title='bbox 0 0 1800 5400; x_wconf 95' lang='lat' dir='ltr'> </span> 
     </span>
    </p>
   </div>
  </div>
 </body>
</html>
