3592 5400
523 508 621 552 curor
635 508 676 552 ιι.
698 508 741 552 oa
756 506 960 552 omcmoauu
975 504 1173 551 corronium.
1363 485 1403 549 st

283 667 366 724 baut.
389 665 488 740 Quum
502 663 593 742 igitur
606 663 784 722 coniectores
799 680 929 739 quoque,
944 681 983 720 ne
997 661 1067 738 quid
1080 641 1211 732 deesset,
1226 663 1405 739 perlustrare

284 795 437 854 cuperem,
453 775 579 834 accessit
593 781 639 846 ut,
656 776 681 834 si
696 775 746 850 qui
761 774 936 833 desomniis
950 774 1022 832 solis
1037 774 1181 851 egissent,
1197 791 1248 832 eos
1259 773 1405 832 interdum

285 887 428 957 edoctis,
449 886 530 944 velut
544 884 699 946 Siebelisio
714 886 752 943 ad
765 884 972 944 Philochorum
992 904 1021 961 p.
1034 886 1089 954 98,
1110 902 1175 942 cum
1194 884 1316 960 reliquis
1336 894 1404 943 σου·

285 1000 367 1058 iundi
385 999 529 1068 viderem,
552 1005 582 1055 et
600 1005 632 1055 ut
653 1016 672 1056 ιι
689 997 852 1074 Porphyrio
870 996 976 1055 scirem
994 1014 1224 1072 eorumquoque
1242 995 1403 1066 numinum,

286 1130 362 1186 quae
374 1109 581 1170 incubantibus
596 1116 709 1167 tantum
724 1108 972 1183 evocantibusque
983 1126 1030 1167 res
1040 1108 1153 1166 futuras
1164 1107 1332 1184 praedicere
1343 1125 1404 1166 cre·

285 1223 439 1290 detentur,
455 1220 532 1279 haud
547 1237 641 1296 penca
653 1219 777 1296 proferri
791 1237 943 1295 respousa.

270 1304 280 1311 Ι
350 1330 419 1390 Non
435 1338 480 1391 est
494 1330 582 1389 huius
603 1331 660 1389 loci
679 1330 917 1408 philosophorum
936 1331 973 1388 de
993 1330 1115 1390 somniis
1135 1330 1297 1388 sententias
1317 1348 1404 1407 erpo-

286 1462 365 1501 nere.
388 1443 535 1502 Probatur
548 1442 603 1500 boc
618 1441 768 1499 divinandi
782 1460 873 1519 genus
889 1460 907 1499 a
921 1441 1060 1512 Platone,
1081 1442 1193 1500 cautius
1213 1448 1354 1498 tractatur
1367 1443 1405 1500 ab

287 1553 461 1624 Aristotele,
482 1553 532 1628 qui
552 1553 677 1629 exempli
696 1553 791 1630 gratie
805 1553 820 1609 I
833 1572 862 1629 p.
876 1553 937 1611 462
954 1553 973 1611 b
992 1553 1029 1612 12
1049 1551 1143 1612 Bekk.
1159 1553 1215 1610 ait:
1237 1570 1268 1609 π.
1287 1569 1315 1608 τ.
1332 1569 1405 1633 μαν-

286 1669 372 1734 τικῆς
393 1662 423 1722 ἐν
438 1668 502 1732 τοῖς
524 1656 623 1733 ὕπνοις
642 1656 801 1747 γενομένης
821 1657 873 1719 καὶ
893 1656 1056 1746 λεγομένης
1075 1658 1245 1745 συμβαίνειν
1265 1658 1325 1720 ἀπὸ
1344 1666 1406 1720 τῶν

287 1770 441 1848 ἐνυπνίων,
461 1769 532 1832 οὔτε
553 1777 778 1856 καταφρονῆσαι
798 1758 899 1858 ρ’ᾁδιον
918 1767 989 1830 οὔτε
1008 1765 1171 1838 πεισθῆναι
1205 1766 1250 1831 Td
1274 1767 1327 1857 μὶν
1348 1768 1406 1857 γάρ

287 1879 403 1955 πάντας
417 1877 437 1950 ἣ
451 1879 583 1954 πολλοὺς
594 1877 816 1968 ὑπολαμβάνειν
827 1884 905 1966 ἐχειν
915 1902 946 1941 τι
958 1867 1122 1966 σημειῶδες
1132 1878 1174 1941 τά
1184 1878 1304 1970 ἐνύπνια
1315 1879 1406 1968 παρί-

287 2014 374 2080 χεται
385 1992 483 2054 πίστιν
495 1995 534 2065 ὡς
542 1981 574 2064 ἐξ
582 1991 731 2078 ἐμπειρίας
739 1988 911 2080 λεγόμενον.
923 1997 1052 2073 Ingenue
1063 2002 1160 2053 tamen
1171 1994 1279 2054 fatetur
1289 1996 1341 2054 lin.
1350 1997 1405 2054 20:

286 2103 322 2165 τό
337 2125 374 2165 τε
388 2103 446 2192 γάρ
463 2098 531 2165 θεὸν
546 2098 621 2165 εἶναι
634 2102 689 2164 τὸν
703 2099 862 2188 πέμποντα
876 2148 902 2163 ..
918 2097 1045 2179 ἄτοπον,
1061 2113 1090 2164 et
1104 2126 1133 2182 p.
1147 2107 1207 2166 463
1220 2108 1249 2166 b.
1265 2108 1318 2165 13:
1340 2099 1406 2164 θεί-

287 2236 414 2302 πεμπτα
429 2211 483 2302 μὲν
498 2215 553 2275 οὐκ
568 2209 604 2275 ἂν
620 2216 664 2283 εἴη
679 2211 721 2275 τά
735 2209 855 2275 ἐνύπνια
870 2260 911 2290 ..,
927 2201 1066 2300 δαιμόνια
1082 2211 1197 2300 μέντοι·
1216 2216 1236 2283 ri
1251 2212 1308 2302 γάρ
1324 2210 1406 2301 φύσις

289 2314 441 2413 δαιμονία,
463 2323 530 2386 ἀλλ’
553 2327 588 2386 οὐ
610 2319 682 2386 θεία
713 2327 773 2387 Sed
792 2330 877 2388 nobis
897 2329 970 2387 illud
990 2328 1074 2387 modo
1093 2328 1275 2406 pmpositum
1296 2337 1355 2400 est,
1374 2336 1406 2387 ut

288 2442 445 2518 scriptores
465 2458 683 2510 recenseamus,
706 2441 755 2515 qui
776 2441 888 2499 somnia
909 2440 1093 2498 narraverint
1111 2440 1173 2498 sive
1188 2440 1404 2517 explicaverint.

288 2553 388 2627 Quare
403 2552 509 2609 medici
522 2553 580 2610 huc
590 2551 748 2628 portinent.
771 2543 906 2634 Λέγουσι
917 2554 991 2635 γοῦν
1001 2546 1124 2607 καὶτῶν
1136 2549 1243 2634 ἰατρῶν
1255 2549 1282 2606 οἱ
1292 2546 1407 2633 χαρίεν-

287 2681 350 2738 τες,
366 2657 414 2721 ὅτι
426 2647 476 2721 δεῖ
485 2646 600 2745 σφόδρα
610 2655 764 2746 προσέχειν
779 2666 843 2731 τοῖς
859 2657 1015 2735 ἐνυπνίοις,
1031 2662 1073 2721 ait
1083 2662 1206 2722 Aristot.
1223 2682 1252 2739 p.
1267 2662 1326 2721 263
1344 2681 1363 2720 a
1375 2664 1405 2721 4.

287 2778 331 2833 Ita
342 2777 394 2834 Ps.
407 2774 604 2851 Hippocrates
616 2781 684 2832 tom.
700 2775 717 2832 2
733 2793 762 2851 p.
777 2775 794 2832 2
807 2773 859 2832 lin.
874 2775 892 2833 6
905 2774 950 2832 ed.
963 2774 1076 2833 Kirbuii
1087 2774 1142 2831 ait:
1161 2764 1279 2831 Ὀκίσα
1292 2766 1344 2856 μάν
1355 2760 1406 2831 οὖν

286 2890 347 2943 τῶν
362 2880 502 2943 ἐνυπνίων
517 2877 584 2941 θεῖά
598 2882 662 2942 ἐστι
677 2881 728 2942 καὶ
741 2881 935 2968 προσημαίνει
949 2879 1017 2944 τινά
1028 2878 1240 2969 συμβησόμενα
1254 2875 1407 2949 ἢπίλεσιν

286 2988 305 3061 ἢ
320 3000 365 3073 τῷ
382 2980 485 3075 ἰδιώτῃ
501 2986 645 3061 ἢκακάῆ
661 2988 763 3080 ἀγαθά
775 2991 816 3080 μὴ
829 2980 865 3053 δι’
876 2994 977 3055 αὐτῶν
988 2992 1146 3079 ἁμαρτίην,
1159 2991 1229 3053 εἰσὶν
1240 2996 1270 3053 οἳ
1279 2991 1407 3080 κρίνουσι

287 3102 429 3190 περὶτῶν
447 3099 593 3163 τοιούτων
612 3104 721 3190 ἀκριβῆ
739 3101 845 3190 τέχνην
865 3108 991 3190 ἔχοντες.
1019 3097 1137 3166 Ὀκόσα
1158 3093 1191 3165 δὲ
1210 3106 1229 3173 ri
1251 3097 1330 3191 ψυχὴ
1351 3110 1406 3165 τοῦ

287 3212 428 3301 σώματος
441 3210 611 3301 παθήματα
624 3214 817 3302 προσημαίνει
832 3260 872 3290 ..,
894 3214 1022 3300 κρίνουσι
1042 3212 1094 3300 μὲν
1109 3215 1275 3276 καὶταῦτα
1289 3261 1296 3275 .
1308 3261 1329 3291 .,
1352 3235 1407 3300 ρυ-

287 3320 452 3394 λάσσεσθαι
472 3312 505 3386 δὲ
524 3332 748 3411 παραινεῦντες,
769 3323 810 3412 μή
830 3346 860 3386 τι
877 3323 974 3386 κακὸν
989 3320 1083 3406 λάβῃ,
1107 3326 1141 3385 οὐ
1163 3311 1353 3385 διδάσκουσιν
1368 3327 1407 3398 ὡς

286 3434 342 3522 γρῆ
358 3424 563 3521 φυλάξασθαι,
579 3434 659 3497 ἀλλὰ
675 3430 784 3497 θεοῖσιν
799 3424 941 3507 εὔξασθαι
951 3430 1115 3495 κελεύουσι
1137 3432 1246 3496 Καὶτό
1259 3431 1312 3521 μὲν
1324 3432 1407 3520 εὔχε-

288 3542 356 3608 σθαι
371 3543 483 3633 πρέπον
493 3545 544 3607 καὶ
559 3545 625 3614 λίην
636 3546 715 3608 ἐστὶν
731 3541 859 3633 ἀγαθόν·
874 3533 925 3606 δεῖ
937 3533 970 3606 δὲ
982 3544 1033 3606 καὶ
1047 3543 1140 3606 αὐτὸν
1155 3534 1407 3632 ξυλλαμβάνοντα

286 3655 357 3730 τοὺς
373 3652 457 3730 θεοὺς
471 3653 690 3719 ἐπικαλέεσθαι.
717 3663 820 3736 Itaque
838 3661 887 3719 hic
901 3678 1016 3736 quoque
1031 3666 1114 3718 caute
1133 3660 1276 3735 loquitur,
1297 3680 1334 3717 ne
1353 3660 1407 3718 im·

286 3772 354 3848 pius
368 3770 515 3844 rideatur3
536 3773 626 3830 evitet
639 3772 777 3830 iudicium
793 3772 829 3830 do
844 3771 965 3830 somniis
980 3772 1116 3849 generale
1122 3791 1131 3843 3
1151 3791 1189 3829 ne
1208 3746 1335 3849 aegrotis
1356 3790 1407 3830 no-

287 3891 352 3940 ceat
367 3883 573 3960 superstitiosa
587 3884 764 3942 somniorum
777 3883 996 3959 interpretatio,
1013 3883 1152 3941 solemnis
1163 3883 1299 3954 medicis,
1315 3884 1408 3942 homi·

287 4013 358 4051 num
379 3994 553 4052 medicinam
569 4011 632 4051 cum
648 3994 767 4051 deorum
782 3994 964 4052 invocatione
979 3994 1115 4072 coniungi
1128 3995 1219 4052 iubet.
1248 3994 1314 4070 Quo
1329 3995 1407 4053 facto

287 4105 380 4172 multa
399 4104 543 4163 eiusmodi
564 4106 678 4163 somnia
697 4104 837 4180 explicat,
858 4112 888 4163 et
909 4105 967 4163 alia
982 4105 1098 4180 quidem
1118 4125 1154 4164 ea
1167 4106 1297 4182 ratione,
1318 4114 1407 4163 utne

287 4222 405 4274 nostros
421 4216 539 4291 quidem
557 4214 687 4273 medicos
701 4215 868 4287 dedeceret,
890 4217 949 4274 alia
968 4235 1036 4274 vero
1057 4235 1156 4275 secus:
1178 4218 1258 4274 velut
1279 4216 1407 4274 siderum

287 4326 351 4383 visa
364 4345 393 4402 p.
413 4326 499 4384 elin.
520 4330 572 4385 14:
594 4321 646 4383 καὶ
665 4318 783 4407 ἄστρων
799 4319 850 4409 μὲν
872 4314 924 4384 οὖν
942 4325 962 4393 ri
977 4313 1035 4396 ἐξω
1055 4311 1203 4409 περίοδος,
1225 4320 1309 4390 η’λίου
1333 4308 1367 4383 δὲ
1387 4324 1407 4391 ἡ

288 4428 378 4518 μέση,
398 4431 523 4506 σελήνης
543 4421 576 4494 δὲ
590 4431 662 4519 πρὸς
680 4430 722 4493 τοὶ
735 4435 826 4495 κοῖλα
847 4445 876 4495 et
890 4455 920 4513 q.
932 4456 956 4496 s.
973 4436 1105 4497 Galenus
1127 4454 1241 4511 quoque
1261 4436 1408 4503 somniae

288 4546 344 4605 diis
368 4547 460 4606 missa
481 4554 511 4605 et
534 4547 662 4628 corporis
685 4547 850 4608 valetudiue
872 4548 978 4606 effecta
998 4546 1153 4627 distinguit
1171 4545 1214 4604 vl
1235 4566 1265 4625 p.
1279 4548 1339 4605 833
1360 4547 1406 4607 ed.
