3592 5400
763 562 805 605 nn
827 562 1032 606 nasuosunos.
1395 545 1456 610 225

336 728 376 791 ut,
392 736 467 796 quos
478 718 623 794 epiuomis
634 718 790 776 daemones
802 718 1011 794 appellaverat,
1024 737 1074 777 eos
1086 719 1149 794 ipse
1160 719 1230 777 deos
1242 727 1367 791 vocaret,
1380 723 1456 797 quod

336 831 388 889 illa
401 830 514 888 aerium
528 829 677 887 nominum
692 847 784 906 genus
799 828 920 898 dixerat,
936 830 1000 905 ipse
1015 830 1170 887 daemones
1182 830 1352 890 nominaret.
1379 831 1457 891 Dae-

336 959 436 1000 mones
451 940 495 997 ait
508 937 658 1017 graviores
673 940 914 1015 sublimioresque
930 958 996 997 esse
1010 940 1123 999 animas
1138 958 1224 1017 quarn
1240 942 1353 999 animas
1365 943 1457 1001 homi·

336 1071 404 1110 num
420 1045 463 1128 (5,
477 1053 506 1126 3,
517 1043 563 1128 6),
579 1051 680 1107 eadere
694 1050 837 1108 interdurn
849 1050 984 1126 precibus
996 1051 1105 1109 nostris
1118 1045 1159 1128 (4,
1173 1052 1202 1121 7,
1216 1043 1284 1129 76),
1300 1059 1330 1109 et
1341 1052 1457 1113 divinae

337 1171 364 1221 et
377 1165 525 1220 humanae
539 1169 662 1218 naturae
675 1179 741 1218 esse
756 1161 913 1236 participes
934 1154 975 1237 (u,
993 1163 1021 1231 7,
1038 1154 1079 1239 5).
1109 1160 1275 1220 Daemones
1295 1169 1324 1220 et
1338 1163 1457 1221 heroum

337 1273 450 1330 animas
464 1271 595 1330 diversos
611 1290 676 1330 esse
692 1265 733 1348 (4,
751 1273 778 1340 7,
799 1265 858 1347 15).
890 1269 981 1330 Suum
997 1272 1099 1346 auique
1115 1272 1224 1330 homini
1239 1291 1305 1331 esse
1321 1273 1455 1333 Genium.

337 1382 510 1442 [ascribitur
524 1384 553 1453 3,
567 1384 585 1439 4
600 1377 735 1464 περὶτοῦ
751 1374 906 1464 εἰληχότος
916 1381 995 1463 ἡμᾶς
1006 1367 1160 1465 δαίμονος,
1176 1383 1224 1442 uhi
1240 1384 1375 1443 Plotinus
1389 1386 1457 1443 Pla·

338 1495 414 1553 tonis
426 1493 636 1570 rempublicam
653 1492 792 1567 sequitur.

398 1605 435 1662 In
455 1603 589 1663 Platonis
609 1604 732 1663 Timaeo
753 1612 901 1678 tamquam
919 1602 1106 1661 fundamento
1132 1604 1184 1662 illa
1209 1612 1356 1664 exstructa
1380 1615 1456 1678 sunt,

339 1733 411 1792 quae
421 1712 548 1772 Hermes
560 1713 770 1791 Trismegistus
782 1714 812 1770 in
818 1715 993 1772 Poemandri
1004 1734 1067 1790 cap.
1078 1716 1131 1784 1,9
1145 1707 1200 1792 (ed.
1209 1716 1347 1794 Parthey.
1360 1717 1457 1775 Berol.

339 1845 363 1883 a.
382 1817 478 1902 1854)
494 1823 617 1901 profert:
632 1823 809 1902 Demiurgus
826 1808 1043 1908 ἐδημιούργησε
1059 1808 1212 1894 διοικητάς
1226 1844 1308 1895 τινας
1324 1819 1411 1902 ἑπτά,
1428 1823 1459 1886 ἐν

339 1929 458 2004 κύκλοις
472 1927 662 2017 περιέχοντας
676 1930 729 1991 τὸν
745 1926 886 1999 αἰσθητὸν
902 1930 1029 2018 κόσμον,
1045 1930 1096 1991 κκὶ
1111 1934 1130 2000 ἡ
1147 1919 1288 2005 διοίκησις
1303 1933 1403 1994 αὐτῶν
1419 1936 1459 1995 εἱ-

341 2037 474 2129 μαρμένη
490 2043 635 2102 καλεῖται.
666 2048 694 2115 3,
712 2046 745 2103 2:
767 2040 818 2102 καὶ
839 2037 925 2127 ὤφθη
946 2045 962 2102 ὁ
978 2040 1098 2128 οὐρανὸς
1113 2041 1143 2102 ἐν
1158 2038 1278 2115 κύκλοις
1293 2040 1386 2122 ἑπτά,
1407 2044 1459 2105 καὶ

330 2130 400 2214 ’θοοὶ
410 2160 480 2224 arag
490 2148 640 2238 ἐνοίστροις
651 2139 742 2224 ἰδέαις
754 2150 950 2238 ὀπτανόμενοι
962 2150 1014 2213 σίν
1025 2161 1087 2225 τοῖς
1099 2153 1198 2213 αὐτῶν
1209 2151 1340 2239 σημείοις
1352 2153 1458 2215 daun·

340 2261 389 2324 aul
404 2249 583 2348 διηριθμήθη
600 2260 640 2323 τοὶ
652 2257 747 2348 ἄστρα
761 2261 813 2323 σὺν
823 2271 887 2336 τοῖς
898 2263 929 2324 ἐν
946 2264 1046 2336 αὐτοῖς
1063 2259 1168 2336 θεοῖς..
1184 2264 1275 2333 ἀνῆκε
1288 2255 1322 2325 δὲ
1334 2262 1459 2340 ἕκαστος

341 2368 405 2445 θεὸς
416 2359 468 2432 daal
478 2379 533 2444 τῆς
544 2359 621 2444 illius
633 2359 786 2459 δυνάμεως
797 2371 833 2433 τὸ
844 2370 1031 2459 προσταχθὲν
1043 2375 1137 2454 αὐτῷ,
1150 2373 1201 2435 καὶ
1214 2371 1333 2462 ἐγένετο
1347 2371 1458 2464 θηρία..

340 2487 384 2545 lix
398 2487 501 2545 eodem
517 2485 638 2544 Timaeo
654 2486 816 2561 Apollinis,
838 2487 863 2544 si
878 2488 933 2544 deo
947 2488 1058 2563 placet,
1080 2490 1233 2546 confictum
1252 2498 1297 2547 est
1312 2492 1459 2549 oraculum

340 2598 415 2674 apud
426 2599 557 2655 Aeneam
569 2595 642 2655 Gaz.
655 2597 802 2673 Theophr.
816 2616 844 2673 p.
859 2598 897 2656 53
911 2597 1024 2655 Boias:
1041 2590 1136 2654 Ἀλλοὶ
1148 2594 1200 2655 καὶ
1212 2591 1368 2656 Ἀπόλλων
1383 2593 1459 2657 ποτὲ

340 2690 558 2792 γμησμῳθῶν..
580 2690 687 2784 uideat:
710 2698 831 2771 ἐκτίσθη
851 2702 907 2789 πρὸ
927 2706 1025 2790 ὑμῶν,
1050 2700 1131 2778 θείας
1149 2703 1206 2792 πρὸ
1226 2704 1340 2792 κόσμου
1358 2715 1458 2795 γονῆς,

341 2811 480 2902 ἄφθαρτα
493 2812 652 2901 πνεύματα
666 2818 707 2887 εἰς
721 2817 804 2900 ὑμῶν
818 2813 924 2900 ypatus.

400 2931 436 2989 In
450 2928 644 3006 Porphyrii
666 2929 811 2987 oraoulo
826 2949 852 2988 v.
872 2930 931 2987 145
946 2947 1010 3005 sqq.
1027 2930 1098 2989 deus
1114 2949 1202 3007 supra
1217 2932 1356 2989 mundum
1371 2933 1458 2992 eollo·

341 3049 421 3099 eatur
434 3047 467 3098 ut
482 3059 501 3097 a
513 3040 654 3109 Platone,
676 3046 734 3098 tum
755 3047 816 3098 tres
837 3049 1003 3098 sanatorum
1018 3043 1167 3099 numinum
1183 3041 1401 3120 distinguuntur
1415 3064 1459 3102 or-

341 3152 437 3222 dines,
453 3168 575 3227 quorum
590 3150 701 3227 primus
717 3170 806 3227 prope
821 3152 906 3209 deum
923 3152 1057 3210 continuo
1073 3160 1221 3222 versetur3
1241 3152 1289 3210 hio
1303 3154 1460 3229 respondet

340 3261 473 3322 Platonis
488 3261 577 3331 ideis,
593 3261 712 3337 quaein
727 3261 884 3318 Phaedone
898 3261 998 3319 fabula
1012 3262 1223 3333 deseribuntur,
1239 3270 1268 3319 et
1282 3263 1375 3337 primo
1390 3264 1459 3321 Plo·

341 3373 394 3430 tini
409 3375 439 3443 3,
453 3372 482 3442 5,
500 3372 518 3430 6
530 3370 628 3429 ordini
644 3379 673 3428 et
688 3363 804 3452 Ἀρχιιῖς
814 3370 951 3447 Dionysii
965 3372 1157 3448 Areopagitae
1169 3372 1205 3428 de
1217 3372 1287 3430 cael.
1300 3372 1372 3429 hier.
1387 3373 1414 3441 9,
1431 3376 1457 3430 1.

342 3483 459 3542 Tertius
482 3482 552 3540 ordo
571 3501 590 3539 a
611 3482 665 3540 deo
687 3487 814 3539 remotus
837 3481 950 3559 angelis
971 3480 1109 3556 Dionysii
1131 3482 1300 3557 respondet,
1325 3482 1459 3541 Platonis

341 3592 509 3668 Plotinique
529 3592 586 3651 diis
607 3591 744 3660 sidereis,
765 3599 867 3649 cantus
888 3592 951 3650 eius
970 3590 1079 3650 ordinis
1095 3592 1245 3649 concentui
1261 3593 1458 3667 sphaerarum.

341 3702 494 3763 Postremo
506 3703 649 3761 secundus
662 3704 731 3761 ordo
742 3702 930 3761 daemonibus
942 3703 1058 3760 illorum
1070 3703 1317 3779 philosophorum,
1332 3705 1459 3761 Archan-

341 3814 414 3891 gelis
437 3813 575 3889 Dionysii
599 3813 764 3889 respondet.
801 3812 849 3870 De
871 3785 957 3871 malis
980 3820 1076 3870 tamen
1101 3813 1289 3872 daemonibus
1313 3815 1460 3874 oraculum

342 3931 427 3983 meet.
456 3924 638 3999 Porphyrius
658 3924 723 3999 ipse
741 3923 896 3981 Platonem
916 3924 1010 4001 magis
1031 3924 1128 3983 sobrie
1148 3923 1369 4000 interpretatus,
1391 3927 1460 3984 sirn-

341 4035 462 4109 pliaiore
477 4034 682 4092 distributione
697 4032 801 4103 utitur,
818 4052 912 4109 neque
928 4042 1024 4093 tamen
1040 4035 1140 4092 eadem
1157 4054 1285 4113 sempert
1300 4057 1367 4095 nam
1382 4044 1414 4094 ut
1425 4038 1460 4094 de

341 4145 446 4203 ueteris
462 4143 663 4221 philosophiae
678 4144 765 4215 louis,
781 4144 823 4201 ita
837 4144 925 4203 etiam
940 4145 975 4202 de
987 4146 1159 4204 daemonum
1170 4154 1289 4217 natura,
1305 4164 1461 4224 progressu
1560 4205 1564 4212 ,

342 4256 466 4330 quodam
496 4254 710 4332 intelligentiae
739 4254 828 4325 facto,
865 4254 925 4312 alia
958 4262 1054 4313 aetate
1083 4256 1169 4314 aliter
1199 4257 1310 4314 statuit.
1362 4258 1461 4314 Pauca

342 4365 377 4422 de
395 4366 435 4423 iis
454 4365 487 4422 iu
502 4364 700 4441 disputatione
720 4365 757 4422 de
772 4366 896 4423 oraculis
912 4366 994 4424 dixit.
1024 4366 1131 4436 Periit,
1152 4367 1229 4441 quod
1243 4366 1279 4423 de
1293 4366 1378 4424 honis
1393 4364 1460 4423 dae·

343 4476 477 4534 monibus
491 4475 530 4533 ad
543 4494 570 4533 v.
589 4476 647 4534 145
661 4492 725 4550 sqq.
742 4494 926 4534 numerorum
944 4484 1108 4535 nostrorum
1127 4476 1334 4552 disputaverat.
1364 4476 1460 4534 Malos

344 4603 372 4661 p·
389 4587 449 4646 147
457 4587 544 4645 -149
561 4587 606 4647 ed.
622 4592 740 4646 nostrae
754 4586 907 4659 describit3
927 4605 1031 4647 nocere
1045 4587 1220 4657 hominibus,
1240 4586 1381 4664 instigare
1395 4604 1460 4661 pra-
