3592 5400
830 527 922 569 uses
941 528 962 572 1.
1394 506 1453 571 139

371 728 375 736 .
435 675 498 740 Καὶ
513 666 641 764 σφόδρα,
657 678 708 739 καὶ
722 673 788 740 καθ’
802 676 931 739 ἕκαστον
945 678 993 739 ἀεὶ
1007 673 1075 739 θεὸν
1089 675 1198 740 ἑπτάκι
1213 686 1321 762 φωνεῖν
1328 678 1345 737 ¹.

398 792 581 869 Porphyrius
600 794 637 851 ad
651 794 754 870 Magos
775 795 829 852 hoc
848 794 965 852 oraculo
984 793 1099 851 delatus
1118 792 1246 867 quaerit,
1266 792 1317 866 qni
1337 794 1454 851 omnino

336 905 440 980 optimi
456 923 552 961 rerum
567 905 729 963 dirinsmm
751 905 883 981 magistri
904 922 970 962 esse
985 923 1002 960 s
1017 904 1074 961 diis
1089 903 1311 979 perhibeantur,
1333 919 1454 978 eamque

336 1016 537 1092 quaestionem
552 1015 653 1073 alteris
668 1016 704 1072 de
719 1015 908 1073 sacrificando
923 1015 1086 1090 praeceptis
1101 1015 1213 1072 inserit.

398 1127 450 1184 Pr.
468 1144 512 1182 ev.
528 1126 579 1184 lih.
592 1127 637 1184 IX
652 1145 716 1201 cap.
732 1128 770 1183 10
785 1145 814 1200 p.
828 1127 888 1183 ⁶242
905 1122 1007 1200 Steph.
1023 1145 1052 1201 p.
1066 1125 1126 1183 412
1139 1125 1159 1181 d
1173 1124 1239 1202 Vig.

403 1226 436 1279 ’0
455 1227 482 1278 δὲ
494 1227 633 1296 Πορρέριος
651 1225 675 1278 ἐν
687 1233 724 1297 τῷ
743 1229 835 1297 πρώτῳ
848 1231 889 1292 τῆς
907 1225 934 1278 ἐκ
952 1226 1044 1295 λογίων
1058 1226 1202 1295 φιλοσοφίας
1221 1225 1295 1277 αὐτον
1308 1225 1396 1295 εἰσάγει
1411 1226 1454 1277 τον

337 1321 424 1373 ἑαυτοῦ
449 1321 503 1371 θεὸν
527 1325 565 1390 τῷ
582 1319 703 1388 Ἐβραίων
727 1320 789 1389 γένει
812 1320 873 1390 μετὰ
896 1323 945 1371 τῶν
969 1317 1053 1371 ἄλλων
1077 1323 1126 1370 τῶν
1144 1318 1183 1371 έπί
1207 1320 1298 1371 συνέσει
1322 1319 1454 1388 βοωμένων

337 1415 411 1464 ἐθνῶν
431 1414 520 1482 σοφίαν
538 1411 755 1483 ἕπιμαρτιροῖντιι.
783 1413 848 1483 λέγει
860 1413 886 1465 δὲ
900 1411 913 1464 ὁ
926 1415 984 1482 παρ’
997 1413 1082 1481 αιἰτῷά
1099 1411 1230 1464 Ἀπόλλων
1249 1413 1279 1462 δι’
1296 1406 1324 1463 οὔ
1340 1411 1455 1464 ἐκτίθεται

336 1508 469 1577 χρησμοῦ3
489 1506 553 1558 τάδε.
581 1506 742 1575 Ἐκκειμένων
759 1506 785 1558 δὲ
808 1505 843 1557 ε’τι
862 1511 920 1557 τῶν
939 1507 1021 1575 περὶ*
1040 1507 1129 1557 θυσιῶν
1147 1504 1243 1575 ἐπάγει,
1268 1500 1302 1567 οἷς
1325 1506 1454 1576 προσέχειν

337 1603 385 1670 δεῖ,
405 1600 446 1652 ὅτε
466 1604 564 1670 μεστοῖς
583 1595 636 1652 οὖσι
653 1599 732 1666 πάσης
751 1601 890 1668 θεοσορίας·

337 1841 488 1902 mutabant,
507 1845 563 1891 tum
580 1839 645 1891 Plin.
663 1857 689 1892 n.
708 1839 733 1892 h.
756 1839 797 1891 30.
819 1840 839 1890 l.
874 1839 908 1890 At
929 1839 1051 1906 frequens
1074 1837 1122 1888 hoc¹
1146 1854 1242 1890 nomen
1264 1838 1332 1907 apud
1349 1838 1455 1901 Persas;

337 1926 376 1977 rel
392 1925 543 1977 Herodotus
565 1929 616 1975 tres
635 1925 745 1976 Ostanes
768 1930 963 1976 commemorat.
998 1924 1036 1975 lte
1058 1922 1170 1974 hominis
1193 1928 1278 1974 aetate
1300 1923 1381 1991 igitur
1402 1941 1455 1976 non

338 2011 481 2061 constabat.
508 2008 622 2060 Primum
636 2009 666 2060 de
679 2015 732 2059 arte
747 2010 850 2076 magica
863 2013 1068 2060 commentatum
1082 2024 1138 2058 esse
1156 2012 1182 2058 et
1201 2007 1249 2070 ,ad
1261 2007 1361 2058 rabiem
1372 2009 1455 2060 scion-

338 2097 385 2147 tiae
409 2096 468 2146 eius
492 2094 651 2146 Graecorum
674 2096 784 2164 populos
807 2095 909 2162 egisse*
933 2093 1032 2145 Plinius
1055 2093 1134 2144 tradit
1153 2093 1170 2145 l.
1188 2108 1282 2144 comm.
1319 2092 1456 2146 Summam

338 2181 493 2248 sapientiam
516 2180 672 2247 posteriores
694 2181 718 2231 ei
740 2180 878 2247 scriptores
902 2179 1059 2232 tribuebant.
1098 2176 1241 2246 Porphyrio
1264 2184 1369 2230 auctore
1387 2179 1456 2248 apud

337 2265 431 2318 Euseb.
450 2281 489 2332 pr.
501 2280 541 2316 ον.
554 2263 590 2331 (1.
606 2264 644 2318 10.
656 2263 689 2316 53
707 2282 732 2332 p.
750 2264 812 2316 ltb
830 2263 902 2332 Vig.)
928 2263 1065 2315 Zoroaster
1083 2263 1161 2314 deum
1177 2262 1279 2314 censuit
1295 2279 1384 2326 unum,
1402 2281 1456 2318 non

338 2356 441 2413 natum,
463 2348 640 2412 individuum3
662 2345 692 2399 τά
711 2349 732 2399 δ’
752 2347 813 2399 αὐτὰ
836 2349 875 2399 καὶ
893 2346 1014 2412 Ὀστάνης
1037 2347 1107 2416 ρησλν
1127 2390 1133 2402 .
1152 2387 1158 2398 .
1180 2344 1251 2417 ἐντῇ
1274 2345 1455 2418 ἐπιγραφομένῃ

339 2431 492 2502 ὀκτατεύχῳ.
528 2434 625 2487 Minue.
647 2433 700 2485 Fel.
725 2432 813 2486 Octav.
831 2433 873 2487 26.
895 2433 939 2485 10:
965 2450 1070 2497 ,eornm
1092 2434 1232 2500 Magorum
1255 2439 1281 2484 et
1303 2433 1407 2503 eloquio
1430 2440 1456 2486 et

338 2519 444 2587 negotio
463 2519 563 2586 primns
582 2517 710 2571 Osthanes
728 2523 754 2571 et
772 2534 861 2570 verum
879 2519 957 2570 deum
975 2519 1068 2570 merita
1084 2518 1222 2569 maiestate
1239 2518 1412 2586 prosequitur,
1430 2523 1456 2570 et

339 2604 460 2672 angelos,
478 2604 496 2655 i.
514 2620 536 2655 e.
553 2603 686 2655 ministros
703 2610 730 2655 et
746 2604 851 2655 nuntios
868 2603 922 2665 dei,
941 2603 985 2654 sed
1002 2604 1069 2666 veri,
1087 2603 1195 2671 eiusque
1212 2603 1373 2654 venerationi
1383 2603 1457 2655 novit

338 2690 476 2752 adsistere,
494 2694 523 2740 nt
535 2693 560 2740 et
573 2695 637 2741 nutu
654 2690 712 2758 ipso
730 2694 756 2741 et
767 2690 841 2741 vultu
852 2688 951 2741 domini
961 2688 1045 2740 territi
1062 2688 1269 2740 contremiscant.
1291 2687 1364 2739 Idem
1376 2688 1456 2741 etiam

338 2775 480 2827 daemones
492 2774 604 2842 prodidit
614 2779 739 2838 terrenos,
751 2790 846 2842 vagos,
859 2772 1028 2826 humanitatis
1038 2774 1185 2827 inirnicos.“
1204 2772 1356 2826 Communis
1368 2779 1455 2827 autem

338 2860 425 2928 opinio
438 2864 506 2922 erat,
525 2875 585 2911 eum
602 2859 767 2928 planetarum
785 2860 921 2911 scientiam
939 2875 1061 2912 arcanam
1078 2865 1104 2911 et
1116 2860 1214 2911 cultum
1231 2858 1375 2911 tradidisse.
1400 2858 1455 2912 loh.

337 2944 425 3011 Lydus
444 2944 475 2995 de
493 2960 576 2997 mens.
589 2944 612 2996 2.
628 2944 652 2997 2.
665 2943 694 2996 3:
714 2942 750 2995 ὅτι
768 2942 791 2995 οἱ
809 2944 862 3014 περλ1
880 2943 1043 3013 Ζωροάστρην
1061 2945 1102 2995 καλ
1120 2943 1260 3009 ’λ’στὰσπην
1278 2943 1398 2995 Χαλδαῖοι
1416 2944 1456 2995 καὶ

337 3027 466 3097 Αἰγύπτιοι
484 3026 532 3079 ἀπὸ
555 3032 598 3079 τοῦ
617 3026 720 3097 ἀριθμοῦ
742 3032 791 3080 τῶν
810 3029 942 3094 πλανητῶν
964 3027 988 3080 ἐν
1006 3026 1124 3099 ἓβδομάδι
1147 3029 1189 3091 τὰς
1212 3028 1304 3099 ἡμέρας
1327 3028 1455 3097 ἀνέλαβον.

338 3113 425 3176 Quum
443 3112 568 3165 Ostanem
589 3114 742 3182 praesertim
765 3115 792 3167 in
810 3117 861 3174 τοῖς
879 3114 933 3183 περὶ
952 3111 1113 3183 Ζωροάστρην
1135 3115 1225 3168 referri
1241 3115 1455 3181 intellexerimus,

337 3204 422 3268 patet,
439 3197 571 3267 quomodo
584 3199 714 3251 doctrinae
732 3205 832 3268 septem
850 3200 951 3251 dierum
964 3200 1090 3267 magister
1101 3201 1256 3268 praecipuus
1268 3201 1373 3253 oraculo
1386 3218 1455 3253 com·

337 3284 456 3336 mandari
473 3284 594 3352 potnerit.
628 3284 689 3336 Dies
711 3284 744 3335 ad
765 3284 834 3336 hunc
852 3301 936 3352 nsque
958 3284 1027 3335 diem
1043 3285 1207 3352 planetarum
1228 3284 1336 3335 nomina
1358 3291 1455 3338 tenent

336 3368 431 3421 Persae
450 3368 482 3419 ed
499 3370 617 3437 planetas
635 3369 774 3420 credebant
790 3368 962 3420 Ahrimanum
979 3373 1005 3419 et
1021 3370 1135 3437 reliquos
1153 3384 1201 3419 sex
1218 3367 1311 3419 Dauos
1328 3386 1386 3422 esse
1399 3370 1455 3421 vin·

337 3459 392 3505 ctos
416 3453 550 3522 (Kleukeri
568 3453 730 3506 Zendavesta
747 3454 759 3505 I
775 3471 800 3522 p.
814 3454 866 3521 21).
884 3483 918 3491 —
936 3452 1045 3504 Ostanes
1069 3453 1174 3505 oraculo
1193 3457 1300 3504 vocatur
1322 3456 1364 3518 τῆς
1382 3452 1456 3505 ἕπτα-

339 3539 452 3607 φθόγγου
477 3536 603 3606 βασιλεύς,
626 3540 643 3591 i.
664 3556 687 3590 e.
711 3539 797 3607 lipare:
822 3539 977 3606 templana
1000 3538 1070 3589 enim
1092 3536 1156 3588 haec
1179 3542 1219 3588 est
1242 3537 1353 3604 ellipsis,
1377 3556 1455 3607 quam

338 3624 451 3676 obscure
464 3628 546 3687 esset,
564 3623 586 3674 si
599 3622 702 3691 ἁρμονία
714 3627 760 3674 aut
772 3626 864 3691 σφαῖρα
876 3623 1046 3691 suppleretur.
1075 3622 1129 3674 Hac
1141 3622 1198 3689 lyra
1210 3622 1343 3674 oraculum
1355 3628 1456 3692 septem

337 3709 503 3776 planetarum
525 3714 680 3760 concentum
703 3714 729 3759 et
751 3724 829 3760 sonos
851 3706 990 3775 significat.
1024 3705 1097 3759 Philo
1115 3706 1170 3759 Iud.
1189 3706 1219 3758 de
1240 3707 1332 3758 mundi
1353 3708 1455 3776 opificio

338 3793 362 3859 ξ.
375 3792 409 3843 42
427 3807 489 3861 pag.
505 3792 537 3843 29
555 3792 593 3843 ed.
611 3794 738 3861 Mangey:
757 3792 820 3861 λύρα
839 3791 881 3861 μέν
900 3792 947 3861 γὰρ
965 3790 980 3857 ἡ
999 3789 1165 3861 ἑπτάχορδος,
1183 3789 1341 3860 ἀναλογοῦσα
1358 3796 1387 3861 τῇ
1406 3795 1455 3843 τῶν

337 3875 399 3927 ἑπτὰ
417 3876 548 3941 πλανητῶν
566 3877 664 3946 χορείᾳ,
683 3876 724 3936 τὰς
743 3875 889 3947 ἐλλογίμους
909 3875 1024 3945 ἁρμονίας
1042 3871 1194 3930 ἀποτελεῖ..
1221 3876 1263 3929 Ps.
1274 3876 1406 3929 Lucienus
1424 3878 1455 3930 de

337 3962 426 4013 astrol.
442 3961 485 4013 10:
503 3960 519 4027 ἦ
538 3960 564 4012 δὲ
581 3960 656 4030 λύρη,
676 3959 805 4030 ἑπτάμιτος
823 3960 910 4029 ἐοῦσα,
928 3960 971 4027 τὴν
989 3963 1038 4011 τῶν
1057 3960 1200 4029 κινεομένων
1219 3959 1326 4032 ἀστέρων
1339 3960 1455 4032 ἁρμονίην

338 4044 510 4114 συνεβάλλετο.
547 4048 673 4116 (Macrob.
694 4047 748 4099 Sat.
768 4047 789 4098 l.
809 4047 852 4099 19:
876 4048 935 4114 lyra
951 4047 1078 4115 Apollinis
1101 4046 1256 4099 chordarum
1278 4053 1379 4116 septem
1400 4053 1456 4099 tota

337 4132 489 4185 caelestium
506 4131 674 4201 sphaerarum
691 4137 779 4183 motus
796 4137 910 4199 praestat
926 4132 1038 4200 intelligi
1055 4173 1062 4186 .
1078 4174 1084 4186 .
1098 4132 1116 4200 .)

406 4218 414 4250 ¹
435 4213 521 4267 ἑπτάκι
534 4216 607 4284 φώνει
618 4216 652 4279 Α,
673 4214 835 4285 έπτακιφωνεῖ
846 4217 883 4280 Η,
895 4235 935 4285 γρ.
948 4213 1033 4267 ἑπτάκι
1045 4220 1132 4285 φωνεῖν
1144 4218 1268 4285 Vigerus,
1286 4215 1454 4284 ἑπτακιφώνην

335 4302 390 4355 rell.
410 4301 529 4369 Septies,
546 4302 608 4370 quia
624 4317 697 4353 sacer
714 4306 770 4353 erat
785 4317 909 4354 numerus
927 4303 996 4370 apud
1012 4303 1114 4371 Magos.

406 4385 416 4419 ²
436 4384 518 4435 αὐτῶν
536 4385 579 4438 DI.
653 4385 663 4418 ³
683 4386 807 4450 Oracnlo,
826 4387 894 4455 quod
911 4385 1069 4456 Porphyrius
1087 4388 1161 4438 all'ert
1178 4392 1205 4437 ot
1221 4386 1336 4454 exponit.

404 4470 416 4504 t
435 4469 480 4521 Sic
497 4470 588 4540 scripsi
608 4487 655 4540 pro
673 4467 707 4521 ἔτι
725 4470 778 4541 περὶ
795 4472 845 4523 τῶν
864 4472 960 4526 θυσιῶν.
991 4471 1113 4525 Nondum
1130 4472 1251 4524 absoluta
1272 4469 1304 4523 de
1321 4470 1454 4525 sacrifieiis

338 4555 500 4626 quaestione.
