3592 5400
347 507 408 573 174
829 528 921 572 arnna
941 531 973 574 11.

471 672 617 758 Hodrpov¹
634 665 659 738 δ’
671 679 726 739 οὐκ
740 681 820 740 ἐστιν
835 679 1003 765 ἀναρρῶσαι
1018 675 1130 739 λάλονέ
1145 675 1258 766 ὀρφόν·

470 776 529 858 ’ἤδη
545 785 601 875 γὰρ
619 774 779 874 δολιχοῖσιν
794 784 1008 876 ἀμαυρωθεῖσα
1023 787 1166 875 χρόνοισιν

472 896 616 979 βέβληται
632 886 776 972 κληῖδας3
792 896 992 985 ἀμαντεότοιο
1009 907 1130 972 σιωπῆς.

470 986 585 1082 Ptiavs
602 997 626 1070 δ’
639 1012 678 1082 ὡς
693 1005 759 1083 ἔθος
773 1009 837 1073 ἐστὶ
852 1005 1023 1096 θεόπροπα4
1039 1006 1160 1097 θύματα
1174 1006 1289 1092 Φοίβῳ.

406 1124 587 1200 Philoponus
611 1125 648 1182 de
667 1125 766 1181 muudi
787 1132 874 1184 creat.
892 1127 921 1183 4.
939 1126 979 1183 20
1000 1132 1066 1202 post
1086 1128 1176 1185 verba
1199 1119 1262 1203 (καὶ
1278 1124 1305 1182 οἱ
1320 1113 1354 1196 ἐξ
1369 1125 1468 1185 αὐτῶν

344 1227 485 1313 ἅπαντες)
500 1255 529 1311 p.
546 1236 606 1293 170
621 1235 712 1294 allata
726 1234 836 1313 pergit:

407 1338 533 1414 Τοότοις
552 1332 603 1402 οὖν
623 1341 732 1403 ἅπασιν
754 1339 823 1422 (diis
846 1367 864 1404 a
879 1344 1005 1406 Saturno
1021 1339 1179 1423 oriundis),
1202 1346 1241 1416 ὡς
1262 1343 1313 1406 καὶ
1334 1355 1399 1418 τοῖς
1419 1347 1466 1407 ἀν-

345 1447 470 1538 θρώποις
483 1449 539 1522 τόν
553 1472 589 1513 τε
603 1450 770 1538 πρακτικὴν
786 1448 942 1538 θεοσοφίαν
960 1457 1038 1526 (οὔτω
1048 1456 1091 1524 τὴν
1102 1458 1203 1527 μαγείαν
1216 1458 1314 1529 καλῶν)
1333 1455 1464 1541 χαλεπὴν

345 1566 383 1636 εἰς
403 1561 566 1651 ἐγχείρησιν
585 1557 659 1624 εἷναί
674 1585 744 1636 φησι,
765 1562 816 1624 καὶ
829 1562 885 1632 τόν
901 1561 992 1649 φοράν
1007 1561 1062 1632 τὴν
1078 1563 1187 1648 ἀκριβῆ
1201 1572 1263 1626 τῶν
1275 1570 1403 1652 ἄστρων,
1418 1566 1464 1627 καὶ

342 1671 398 1747 τοὶς
420 1675 454 1735 ἐκ
474 1671 592 1735 τούτων
615 1670 775 1759 συμβάσεις
797 1671 1048 1748 ἀκαταλήπτους,
1077 1661 1122 1735 διό
1145 1673 1196 1735 καὶ
1217 1662 1383 1758 ψεύδεσθαι
1403 1675 1462 1762 περὶ

343 1785 464 1844 πολλῶν
479 1778 689 1869 ἐρωτηθέντας,
714 1789 760 1840 Καὶ
778 1788 862 1840 πολλὰ
879 1789 974 1840 τούτοιν
993 1786 1023 1848 εἰς
1042 1788 1121 1839 πίστιν
1139 1787 1166 1840 ἐκ
1184 1792 1233 1841 τῶν
1251 1794 1376 1860 χρησμῶν
1388 1809 1460 1861 παρα·

290 1926 293 1933 ·
343 1889 431 1942 τίθεται
449 1889 531 1958 λόγια.

343 2005 403 2057 sinu
419 2004 614 2073 repetebantur,
632 2021 717 2074 neque
735 2005 788 2057 fere
806 2006 892 2057 fontes
912 2005 1031 2070 deerant,
1054 2004 1099 2074 qui
1116 2011 1162 2057 aut
1178 2006 1320 2074 vaporibus
1341 2012 1387 2058 aut
1402 2011 1459 2075 poto

342 2090 528 2142 divinationem
544 2090 714 2158 inspirarent:
737 2091 809 2143 velut
826 2090 940 2142 Castalia
957 2089 1078 2159 Delphis;
1103 2090 1269 2160 „Colophone
1291 2092 1320 2143 in
1337 2092 1457 2161 Apollinis

343 2174 422 2227 Clarii
438 2191 517 2244 specu
533 2175 629 2226 lacuna
646 2180 697 2239 est,
717 2175 790 2227 cuius
808 2180 872 2244 potu
886 2177 953 2227 mira
964 2176 1106 2228 redduntur
1119 2176 1238 2227 oracula“
1256 2176 1325 2231 Plin.
1339 2182 1392 2230 nat.
1404 2175 1456 2228 hist.

343 2259 366 2312 2.
382 2259 438 2311 103.
453 2259 512 2323 106;
531 2258 657 2328 Daphnae
675 2275 716 2328 ap.
728 2259 904 2311 Antiochenos
923 2261 966 2329 (de
985 2261 1082 2313 noviss.
1096 2278 1133 2315 or.
1147 2265 1197 2314 aet.
1212 2278 1237 2330 p.
1247 2261 1306 2329 45);
1324 2261 1385 2314 lons
1396 2260 1455 2312 Iovis

342 2344 478 2396 Ammonis
502 2342 575 2411 (ibid.
592 2361 618 2413 p.
636 2343 694 2412 36);
717 2345 819 2412 Hysiis,
842 2344 968 2397 Boeotiae
992 2346 1100 2415 oppido,
1124 2346 1253 2415 Apollinis
1277 2347 1405 2416 templum
1422 2342 1455 2394 καὶ

343 2428 419 2499 φρέαρ
437 2427 512 2498 ἱερόν·
536 2425 612 2478 πάλαι
631 2426 657 2478 δέ
675 2426 701 2478 ἐκ
720 2433 763 2480 τοῦ
787 2428 890 2499 φρέατος
915 2427 977 2480 κατὰ
998 2429 1041 2481 τόν
1063 2431 1179 2481 Βοιωτῶν
1202 2429 1280 2499 λόγον
1303 2429 1455 2500 ἐμαντεύοντο

343 2514 450 2574 πίνοντες
469 2513 556 2583 (Paos.
570 2514 594 2566 9.
608 2513 631 2565 β.
647 2514 680 2581 1).
716 2515 825 2582 Tegyris
844 2515 894 2567 duo
918 2514 1004 2567 fontes
1022 2515 1188 2584 PlutPelop.
1204 2515 1243 2568 lo.
1262 2516 1294 2568 de
1312 2516 1364 2568 def.
1383 2529 1455 2568 oracc.

321 2667 325 2676 ¹
342 2599 426 2670 capb
444 2617 469 2670 p.
483 2599 533 2652 412
543 2599 567 2651 b.
603 2599 641 2650 De
658 2599 796 2667 Didymaei
816 2599 887 2651 fonte
911 2599 989 2654 Paus.
1002 2600 1026 2652 5.
1039 2600 1063 2654 7.
1077 2601 1106 2652 3:
1129 2605 1166 2670 τῷ
1185 2599 1212 2650 δέ
1229 2597 1339 2670 ’λλφειῷ
1358 2600 1386 2653 rb
1403 2599 1454 2650 αὐτὸ

341 2682 432 2757 πάσχει
455 2684 495 2737 καὶ
518 2684 586 2754 όδωρ
611 2680 674 2736 ἄλλο
698 2682 721 2735 ἐν
744 2681 838 2754 Ἰωνίᾳ·
862 2684 951 2736 τοότου
975 2684 1001 2737 δέ
1023 2689 1066 2738 τοῦ
1090 2685 1179 2745 ὓδατος
1202 2683 1269 2754 πηγὴ
1293 2685 1337 2756 μέν
1360 2681 1454 2738 ἐστινέν

342 2769 446 2841 Μυκάλῃ
466 2774 502 2840 τῷ
521 2766 584 2840 όρει,
604 2769 723 2830 διεξελθὸν
743 2769 769 2822 δέ
788 2768 914 2821 θάλασσαν
932 2769 974 2837 τὴν
993 2770 1082 2840 μεταξὺ
1102 2767 1188 2822 ἄνεισιν
1202 2766 1268 2831 αὖθις
1281 2768 1455 2843 κατὰΒραγχί-

331 2858 385 2916 -δας
405 2895 430 2906 ..
451 2855 537 2918 Quum
553 2854 639 2907 fontes
657 2856 821 2920 arescebant,
844 2855 968 2908 divinatio
993 2856 1109 2908 desinere
1132 2857 1294 2910 credebatur.
1328 2858 1370 2909 Ita
1386 2857 1455 2909 etiam

342 2940 513 2993 Callisthenes
535 2955 577 3008 ap.
595 2939 681 2992 Strab.
702 2940 741 2994 17.
762 2942 783 2993 l.
801 2940 834 2993 43
851 2957 877 3009 p.
890 2939 941 2993 814
962 2941 1053 2992 tradit:
1079 2939 1116 2992 ότι
1139 2946 1183 2992 τοῦ
1202 2940 1366 3001 Ἀπόλλωνος
1388 2941 1415 2993 τὸ
1435 2938 1454 2990 ἐν

341 3024 492 3094 Βραγχίδαις
511 3026 622 3093 μαντεῖον
641 3022 826 3093 ἐκλελοιπότος,
845 3023 870 3085 ἐξ
888 3022 946 3076 brou
964 3024 992 3075 τό
1011 3024 1075 3095 ἱερόν
1093 3024 1140 3077 ὑπο
1158 3028 1208 3077 τῶν
1226 3026 1376 3097 Βραγχιδῶν
1394 3024 1455 3077 σεσί-

342 3109 403 3174 λητο
422 3105 460 3159 ἐπὶ
478 3107 570 3178 Ξέρξου
590 3148 629 3177 ..,
653 3107 820 3169 ἐκλελοιπυίας
843 3109 869 3161 δὲ
888 3109 929 3161 καὶ
946 3112 988 3175 τῆς
1012 3111 1166 3179 κρήνης,τότε
1187 3110 1203 3175 ἥ
1221 3129 1247 3162 τε
1265 3111 1343 3181 κρήνη
1362 3109 1455 3179 ἀντίσχοι

342 3194 382 3246 καλ
400 3196 502 3265 μαντεῖα
520 3192 603 3245 πολλὰ
621 3192 643 3244 οἱ
658 3193 786 3260 Μιλησίων
804 3194 915 3264 πρέσβεις
936 3194 1060 3264 κομίσαιεν
1079 3234 1105 3246 ..
1123 3195 1311 3249 Exhalationes
1329 3212 1455 3266 vaporum,

342 3297 408 3351 quae
427 3279 613 3334 divinationem
629 3280 744 3350 pariant,
769 3278 858 3340 ἀνέσεις
876 3278 941 3339 τινὰς
957 3278 1035 3349 ἴσχειν
1053 3280 1093 3331 καλ
1111 3278 1184 3333 πάλιν
1207 3282 1380 3351 σφοδρότητας
1396 3282 1455 3333 Plut

341 3371 430 3419 censet
453 3366 484 3417 de
502 3381 586 3418 oraoc.
604 3365 655 3420 def.
669 3364 703 3417 50
719 3383 744 3435 p.
757 3365 807 3417 437
820 3382 842 3419 c.
879 3365 1007 3434 Tempore
1030 3366 1084 3418 vim
1106 3366 1240 3420 divinandi
1263 3369 1387 3420 consumi
1404 3382 1455 3436 pro·

339 3458 397 3521 pter
413 3451 551 3515 materiae,
574 3468 640 3520 quae
657 3450 837 3503 instrumentis
855 3450 978 3503 scientiae
1001 3450 1104 3504 divinae
1124 3450 1272 3517 inhaereat,
1293 3452 1455 3522 fragilitatem

340 3538 374 3593 id.
393 3555 449 3607 cap.
463 3538 478 3589 9
491 3536 560 3590 etat
579 3536 657 3588 addit.

408 3623 513 3675 Saxosa
529 3622 619 3674 Clarus
638 3620 743 3686 dicitur3
766 3622 817 3674 sita
834 3621 905 3674 enirn
923 3627 979 3674 erat
995 3622 1023 3674 in
1041 3622 1106 3674 colle
1123 3627 1147 3675 et
1165 3623 1268 3692 erupis
1287 3640 1369 3693 specu
1387 3621 1455 3692 (Plio.

340 3725 365 3761 n.
377 3706 403 3761 h.
416 3708 440 3760 2.
455 3708 514 3777 106)
533 3708 639 3760 oracula
655 3708 821 3776 petebantur3
844 3708 931 3776 ipsum
953 3706 1018 3760 illud
1036 3709 1117 3777 στόμα
1135 3714 1177 3759 est
1192 3708 1282 3778 τραχύ.
1318 3709 1372 3762 Sed
1389 3705 1455 3760 Πυθώ

339 3810 394 3845 non
415 3798 455 3845 est
475 3810 565 3860 mons,
588 3808 668 3862 quare
683 3809 731 3862 pro
750 3790 826 3852 πέζαν
844 3792 954 3861 conjicio
975 3792 1075 3860 βῆσσαν.
1110 3792 1159 3843 Per
1180 3793 1277 3845 vallem
1299 3793 1380 3859 dixit,
1402 3791 1456 3862 quia

273 3877 279 3884 “
339 3876 399 3929 fons
418 3876 548 3929 Castalius
567 3883 594 3929 et
609 3878 684 3929 lucus
702 3894 756 3929 non
774 3894 826 3929 uno
844 3878 903 3930 loco
922 3882 1009 3941 erant,
1027 3877 1073 3929 sed
1090 3877 1169 3929 latius
1188 3883 1308 3933 extensa.

409 3963 418 3994 1
438 3961 481 4013 Sic
503 3961 576 4013 codd.
599 3967 702 4031 praeter
722 3962 767 4014 DE
790 3979 890 4017 omnes.
926 3963 1013 4030 Vulgo
1031 3961 1147 4022 Πυθῶνος
1166 3962 1196 4014 δ’.
1231 3963 1363 4016 Adiectiri
1378 3965 1455 4016 forma

340 4062 420 4111 nova,
438 4046 484 4098 sed
500 4051 568 4099 recte
585 4047 710 4111 formata,
728 4051 758 4098 ut
773 4044 898 4117 ’λργῷος,
917 4049 1018 4118 Δηῷος,
1036 4044 1150 4117 Ἠχῷος,
1168 4045 1280 4117 Ἧρῷος,
1298 4046 1396 4119 Ἰνῷος,
1413 4049 1455 4111 Λη-

340 4136 419 4203 τῷος7
437 4129 572 4201 Μαντῷος,
591 4132 623 4183 al.
779 4131 868 4183 2λαόν
886 4133 940 4186 ΑΗ.

408 4216 419 4250 ³
437 4216 459 4268 Α
476 4217 608 4285 mysteriis
623 4221 709 4268 sumta
719 4217 815 4285 imago.
845 4216 939 4270 Aesch.
951 4219 983 4272 fr.
996 4216 1060 4269 3022
1079 4213 1129 4268 ἔστι
1141 4216 1215 4286 κάμοὶ
1227 4217 1293 4278 κλεὶς
1305 4217 1345 4270 ἐπὶ
1357 4218 1454 4289 γλώσσῃ

340 4302 427 4371 φόλαξ.
463 4300 544 4371 Soph.
557 4300 611 4355 (lol.
626 4301 704 4353 1050:
723 4292 756 4350 ὧν
775 4300 815 4351 καὶ
833 4301 928 4370 χρυσέα
945 4301 1005 4372 κλῂς
1023 4301 1062 4353 ἐπὶ
1079 4302 1185 4372 γλώσσᾳ
1203 4301 1291 4370 βέβακε
1307 4302 1454 4373 προσπόλων

340 4386 507 4456 Εὐμολπιδῶν.
530 4386 594 4439 Lob.
606 4386 666 4456 Agl.
678 4402 703 4455 p.
717 4384 758 4438 36.
776 4384 825 4436 Pro
840 4383 956 4452 βέβληται
966 4388 1069 4440 videtur
1085 4387 1198 4452 κέκτηται
1215 4388 1383 4442 scribendum
1394 4402 1453 4440 esso

407 4474 418 4505 ⁴
436 4471 486 4524 ἐστὶ
504 4471 703 4542 προυπαβήματα
720 4472 756 4534 Α,
775 4469 973 4541 προυπαθόματα
990 4474 1021 4525 Η.

797 4628 1002 4641 -ψ
