3592 5400
373 484 415 548 24
589 502 684 545 carur
698 503 731 543 11.
754 501 796 542 nu
811 500 968 543 amaonun
982 499 1092 543 ronru.
1109 499 1262 542 rauronn.

372 657 407 717 ἐκ
420 642 550 740 τριάδων
564 648 813 738 ἐκπληρούμενος,
834 649 885 712 καὶ
903 649 958 724 τοὶς
978 652 1148 737 ἀκρότητας
1167 657 1222 722 τῆς
1238 645 1394 738 θεολογίας
1412 648 1495 713 κατά

371 762 427 834 τὴν
446 750 624 831 Χαλδαϊκην
645 759 834 848 φιλοσοφίαν,
856 759 894 834 ὥς
915 781 986 848 φησι
1005 757 1185 847 Πορφύριος,
1205 750 1378 834 ἀποσώζων.
1406 765 1494 825 Unus

371 878 610 956 philosophorum
630 876 809 936 Graecorum
827 875 1011 952 Porphyrius
1030 876 1108 933 hrmc
1129 895 1280 933 numerum
1305 876 1381 932 tanti
1408 876 1494 934 fecit:

285 973 294 982 ”
372 1003 492 1046 namne
506 988 689 1045 Xenocrates
704 986 821 1061 quidem
836 985 990 1045 sublimem
1006 986 1032 1043 ei
1053 986 1231 1044 sententiam
1251 986 1417 1056 subiunxit,
1442 988 1496 1046 sed

372 1098 584 1157 arithmeticam
604 1103 717 1154 tantum
732 1097 874 1154 rationem
890 1097 1041 1173 spectavit.
1069 1097 1171 1172 Lydus
1191 1096 1261 1154 ibid.
1284 1099 1312 1154 3.
1336 1098 1363 1155 7.
1386 1099 1494 1172 p.100

263 1199 267 1206 ’
372 1210 416 1268 ed.
429 1209 573 1266 Roether:
597 1201 782 1276 οἰκειότατος
800 1203 850 1264 καὶ
869 1201 1020 1289 προσφυὴς
1039 1204 1055 1263 ὁ
1074 1199 1157 1264 ἐννέα
1176 1198 1349 1289 άριθμὸςτῇ
1360 1199 1494 1286 Σελήνῃ·

374 1306 459 1387 οὗτος
478 1311 535 1402 γάρ
556 1313 663 1375 ἑαυτὸν
682 1321 773 1402 γεννᾷ
794 1312 875 1375 κατά
896 1310 1104 1399 Ξενοκράτην·
1130 1310 1265 1399 ἀόριστος
1288 1311 1345 1400 γάρ
1367 1316 1387 1382 ἠ
1410 1309 1494 1400 ἄχρις

373 1411 508 1507 ἐννεάδος
522 1422 664 1510 πρόβασις
679 1424 730 1485 καὶ
744 1419 852 1492 πλήθει
867 1420 1007 1496 σύνοικος.
1029 1427 1174 1485 Platonici
1189 1427 1240 1484 alii
1256 1447 1408 1484 numerum
1421 1446 1494 1501 qua-

372 1539 529 1596 ternarium
544 1538 655 1614 potius,
679 1539 856 1616 Pythagorei
871 1537 1008 1596 decadem
1024 1538 1130 1596 summi
1145 1538 1268 1606 habent,
1288 1539 1387 1614 magni
1402 1539 1492 1596 etiam

373 1668 508 1707 numeros
525 1648 682 1705 ternarium
698 1657 727 1706 et
743 1649 954 1724 septenarium,
970 1667 1029 1705 non
1045 1648 1143 1724 magni
1159 1647 1270 1704 faciunt
1285 1649 1456 1707 enneadem.

436 1757 530 1816 Nihili
550 1766 634 1834 sunt,
654 1777 728 1833 quae
744 1759 975 1818 Gildersleerius
997 1756 1158 1817 Schmidtio
1179 1757 1286 1816 obiicit.
1318 1757 1396 1816 Nam
1417 1759 1495 1833 quod

374 1869 548 1927 scholiastes
561 1869 697 1945 Homeri,
712 1869 762 1944 qui
774 1869 849 1928 alies
862 1869 1018 1945 Porphyrii
1030 1869 1120 1926 libros
1132 1868 1289 1945 diligenter
1300 1869 1492 1939 excusserint,

373 1996 409 2037 ex
426 1979 487 2037 vita
501 1979 553 2037 illa
568 1980 725 2055 quidquam
740 1979 845 2038 afferre
861 1987 961 2058 negat,
982 1980 1041 2037 iam
1056 1977 1235 2038 Schmidtius
1251 1979 1336 2055 plura
1357 1980 1389 2037 in
1409 1981 1493 2038 scho-

373 2090 421 2148 liis
437 2090 535 2148 inesse
550 2091 662 2160 docuit,
679 2110 753 2166 quae
768 2109 833 2148 cum
848 2091 909 2147 vita
923 2091 1118 2149 concinerent.
1147 2092 1187 2148 Et
1201 2109 1239 2147 ne
1254 2090 1361 2147 librum
1376 2091 1494 2166 quidem

373 2199 410 2258 de
423 2200 544 2259 Homeri
564 2201 750 2293 philosophia
768 2220 787 2257 a
800 2201 964 2277 Porphyrio
984 2201 1085 2275 utiquc
1105 2200 1245 2277 scriptum
1266 2214 1389 2274 usquam
1409 2203 1494 2260 scho-

373 2310 478 2368 liastae
493 2311 652 2368 nominant.
684 2309 769 2383 Quod
785 2310 890 2368 deinde
906 2311 1040 2386 opponit,
1057 2311 1294 2387 philosophorum
1309 2311 1419 2387 placita
1434 2332 1493 2370 non

374 2437 409 2477 ea
423 2426 550 2491 tantum,
572 2439 646 2495 quae
661 2421 841 2497 Porphyrius
857 2421 1036 2497 probaverit,
1048 2449 1050 2451 ·
1060 2422 1111 2480 sed
1131 2422 1190 2478 alia
1204 2440 1318 2497 quoque
1337 2421 1368 2478 in
1383 2422 1444 2480 vita
1459 2441 1495 2481 ex

372 2529 500 2589 Homero
523 2531 599 2601 erui,
623 2533 677 2589 hac
699 2551 730 2588 re
752 2532 895 2607 ostendit,
921 2551 953 2590 se
975 2532 1052 2589 vitae
1074 2532 1216 2589 rationem
1239 2539 1269 2589 et
1290 2540 1493 2610 argumentum

372 2662 475 2720 parum
497 2643 692 2719 perspexisse.
731 2640 835 2717 Neque
864 2642 940 2699 eninr
968 2661 1051 2700 suam
1072 2641 1289 2720 philosophiam
1310 2644 1493 2721 Porphyrius

372 2752 494 2812 Homeri
509 2754 682 2812 auctoritate
697 2754 867 2811 confirmare
883 2754 1008 2823 studuit,
1028 2752 1081 2811 sed
1096 2754 1189 2811 omnis
1205 2754 1367 2829 sapientiae
1382 2754 1493 2813 fontem
1575 2755 1577 2757 ’

374 2882 555 2936 communem
568 2868 685 2937 poetam
699 2863 791 2921 fuisse
807 2871 887 2922 ratus
905 2864 1003 2921 inesse
1026 2848 1207 2921 demonstral
1223 2841 1334 2941 placita
1346 2866 1492 2943 Pythago-

374 2991 439 3044 rae,
455 2959 604 3043 Platonis,
620 2972 898 3048 Peripateticorum,
922 2971 1098 3044 Stoicorum,
1120 2974 1344 3049 Epicureorum:
1366 2975 1493 3035 describi

374 3090 509 3141 naturam
521 3082 776 3156 condicionemque
788 3103 846 3141 non
858 3084 953 3142 solum
965 3084 1056 3160 regni,
1069 3102 1154 3158 quam
1167 3085 1290 3160 reipubl.
1298 3084 1420 3144 formam
1429 3087 1493 3162 ipse

355 3203 357 3208 ’
374 3193 554 3269 Porphyrius
573 3193 732 3269 probabat,
755 3193 915 3251 sedetiam
937 3190 1175 3276 ἀριστοκρατίας,
1192 3190 1377 3278 ὀλιγαρχίας,
1402 3181 1493 3280 dape·
1538 3172 1542 3177 .

374 3299 503 3387 κρατίας.
528 3302 624 3378 Quam
636 3304 846 3362 sententiarum
857 3323 903 3380 ap.
920 3304 1007 3363 Hom.
1024 3304 1251 3381 discrepantiam
1266 3304 1356 3363 etiam
1368 3308 1494 3383 explicat

373 3414 579 3493 philosophus:
603 3433 678 3489 quac
699 3415 777 3471 enim
800 3434 818 3472 a
837 3434 907 3473 vera
926 3414 1041 3489 sibique
1062 3416 1185 3491 probata
1206 3415 1393 3491 philosophia
1415 3437 1493 3476 rece-

230 3555 236 3566 ·
315 3563 318 3568 -
374 3526 458 3596 daut,
474 3545 532 3582 non
546 3525 668 3583 Homeri
683 3544 747 3583 esse
763 3525 930 3601 opiniones,
946 3525 998 3583 sed
1012 3524 1161 3582 hominum
1177 3525 1214 3583 ab
1226 3545 1259 3583 eo
1271 3527 1492 3602 descriptorum,

374 3635 520 3712 significat
534 3636 564 3691 in
578 3635 680 3693 ultimo
695 3636 772 3692 vitae
787 3636 883 3710 capite
899 3628 998 3712 lum:
1019 3633 1038 3698 i
1053 3628 1180 3700 τοιαύτη
1196 3627 1332 3704 ὑπόθεσις
1347 3631 1494 3720 παρέσχεν

374 3739 509 3827 ἀφορμάς
519 3748 564 3820 τῷ
576 3749 687 3823 ποιητῇ
698 3729 909 3814 παντοδαποὺς
920 3749 1038 3810 κινῆσαι
1048 3739 1170 3828 λόγους,
1184 3740 1253 3813 τοὺς
1265 3738 1318 3827 priv
1328 3740 1379 3827 ἀφ’
1391 3746 1493 3819 αὑτοῦ,

372 3849 442 3921 τοὺς
458 3838 491 3911 δὲ
506 3848 565 3910 άπό
580 3857 641 3910 τῶν
657 3848 856 3937 εἰσαγομένων
872 3849 1046 3938 προσώπων,
1067 3862 1097 3912 et
1112 3873 1174 3930 cap.
1189 3855 1222 3912 5:
1244 3854 1270 3911 εἰ
1290 3839 1323 3912 δὲ
1345 3850 1386 3938 pai
1405 3851 1494 3940 μόνον

374 3955 495 4045 ἀρετάς,
516 3956 597 4019 άλλά
617 3958 667 4019 καὶ
688 3957 794 4031 κακίας
809 3954 904 4046 ψυχῆς
919 3964 949 4022 ἐν
963 3970 1030 4033 ταῖς
1049 3959 1185 4029 ποιήσεσι
1205 3959 1377 4046 παρίστησι,
1398 3959 1493 4036 λύπας

364 4088 408 4149 ,τε
423 4067 474 4128 καὶ
488 4064 580 4153 χαράς
599 4068 650 4128 καὶ
666 4066 774 4153 φόβους
789 4069 839 4129 καὶ
853 4067 1022 4157 ἐπιθυμίας,
1043 4073 1077 4131 οὐ
1092 4069 1148 4157 χρὴ
1170 4066 1321 4135 αἰτιᾶσθαι
1339 4070 1392 4132 τὸν
1408 4094 1493 4141 ποιη-

373 4176 442 4255 τη’ν,
462 4175 597 4263 παρόντα
613 4165 646 4237 δὲ
662 4176 728 4260 (sor.
745 4178 839 4265 παρὸν
858 4169 954 4259 τῷδε,
976 4203 1064 4259 quum
1085 4185 1124 4243 sit
1145 4203 1235 4260 penes
1256 4204 1336 4255 eum,
1358 4204 1446 4260 quum
1467 4187 1493 4243 ei

372 4286 470 4370 liceat)
487 4283 641 4375 μιμεῖσθαι
657 4290 691 4348 οὐ
707 4286 797 4374 μόνον
811 4288 852 4350 τά
865 4287 982 4375 χρηστά
994 4286 1068 4366 ἤθη,
1085 4287 1165 4351 ἀλλά
1176 4290 1227 4350 καὶ
1237 4289 1279 4351 τά
1291 4293 1408 4375 φαῦλα·
1424 4288 1492 4353 ἄνευ

373 4396 430 4486 γάρ
445 4395 561 4459 τούτων
575 4386 742 4484 παράδοξοι
756 4388 875 4486 πράξεις
891 4402 925 4460 οὐ
941 4399 1146 4477 συνίστανται,
1162 4392 1202 4461 ὧν
1218 4397 1369 4462 ἀκούοντα
1382 4405 1492 4464 ἔνεστιν

374 4503 518 4595 αἱρεῖσθαι
537 4506 578 4570 τά
593 4507 709 4590 βελτίω.
739 4514 843 4573 Totius
865 4516 1117 4575 commentationis
1141 4534 1283 4573 summam
1303 4516 1440 4575 Eustath.
1462 4516 1492 4573 in
