3592 5400
379 506 439 568 109
599 524 695 578 caena
711 520 762 567 vn.
785 522 827 565 na
844 497 1049 565 omentorum
1064 521 1175 565 renen.
1192 522 1275 565 rann.

273 711 275 714 >
377 700 477 758 praep.
495 699 537 737 ev.
555 699 583 755 p.
598 681 657 738 937
671 679 731 750 ed;
748 676 941 754 Sarapidis
957 675 1026 735 ibid.
1042 697 1071 752 p.
1082 677 1140 736 901
1155 679 1183 736 1).
1200 676 1317 739 Ultima
1329 677 1386 737 dno
1401 685 1499 755 potue·

378 800 446 850 runt
461 791 523 848 dari
538 789 809 848 incubantibus.
840 788 1100 848 Evocatioaum
1114 806 1223 847 eausa
1236 787 1349 847 fictas
1364 807 1433 848 esse
1447 790 1500 849 has

377 902 599 961 vaticinationes
615 901 764 960 existimo:
785 899 943 957 Hecates
963 917 1062 974 praep.
1079 917 1122 957 ev.
1142 898 1200 957 175
1213 917 1243 968 c,
1263 900 1320 958 191
1335 900 1369 970 b,
1388 901 1447 960 193
1461 918 1500 958 c-

382 1014 477 1083 194b,
492 1014 551 1071 900
561 1012 630 1082 b-d,
644 1013 702 1070 901
714 1031 738 1081 c,
753 1012 812 1069 903
822 1011 855 1082 (1;
876 1011 953 1085 apud
966 1009 1088 1066 eundem
1099 1010 1209 1070 Euseb.
1224 1010 1384 1069 demonstr.
1399 1030 1499 1090 evang.

379 1127 406 1183 3.
426 1125 442 1183 6
459 1130 489 1181 et
503 1123 581 1200 apud
595 1122 791 1199 Augustinum
806 1120 842 1178 de
857 1121 911 1178 civ.
924 1121 971 1177 dei
989 1121 1037 1179 19.
1052 1121 1102 1186 93.
1115 1122 1148 1190 9,
1163 1121 1240 1196 apud
1252 1121 1451 1198 l'hiloponum
1465 1123 1500 1180 de

377 1235 478 1293 mnndi
499 1241 586 1293 creat.
604 1236 632 1292 4.
651 1234 705 1303 203
728 1231 915 1308 Apollinis
930 1249 1029 1307 praep.
1046 1250 1089 1291 ev.
1110 1233 1167 1290 168
1180 1233 1214 1302 b,
1233 1232 1292 1290 194
1305 1233 1366 1302 cd,
1388 1233 1500 1291 1951-

381 1347 440 1404 196
452 1346 480 1416 (1,
498 1345 628 1414 aerbo,
645 1345 703 1402 941
717 1345 778 1414 ad;
795 1351 855 1400 tum
870 1342 1084 1418 Aesculapii
1098 1361 1198 1418 praep.
1212 1360 1261 1400 ·ev.-
1279 1343 1339 1401 194
1351 1361 1379 1413 a,
1396 1341 1500 1403 Sara·

378 1456 474 1531 pidis
490 1475 537 1531 ap.
553 1454 711 1512 Firmicum
723 1455 887 1511 Maternum
903 1470 966 1527 cap.
982 1454 1030 1521 13,
1046 1452 1216 1510 Mercurii
1229 1472 1331 1530 praep.
1345 1472 1389 1510 ev.
1406 1454 1499 1525 1941,

378 1565 490 1625 Fauni
504 1565 576 1622 ibid.
594 1565 654 1622 909
667 1564 699 1634 (1,
715 1563 813 1621 nescio
830 1563 911 1622 cuius
927 1562 996 1622 ibid.
1016 1563 1076 1621 194
1088 1564 1122 1632 b,
1140 1564 1198 1628 941
1212 1563 1240 1620 d.
1260 1562 1419 1639 Hymnus
1435 1565 1500 1623 deo·

379 1696 442 1734 rum
458 1674 576 1732 nomine
596 1693 615 1730 a
633 1674 753 1751 poetis
773 1674 849 1745 ludi,
870 1693 928 1732 non
947 1673 1059 1730 fraudis
1080 1690 1168 1730 causa
1188 1673 1412 1749 compositos
1432 1684 1500 1751 puto

379 1785 526 1862 Apollinis
542 1791 571 1842 ct
585 1784 679 1842 Fauni
695 1784 764 1844 ibid.
784 1785 871 1843 193(1
888 1792 917 1859 et
934 1784 1020 1842 1941)
1036 1782 1101 1842 coll.
1117 1784 1173 1842 901
1186 1802 1210 1840 c.
1238 1782 1371 1845 Graeci
1387 1805 1501 1844 rerum

379 1896 581 1954 divinarum
601 1895 712 1971 periti
732 1895 900 1971 Apollini
920 1894 1068 1952 oraculum
1090 1894 1125 1950 dc
1142 1894 1294 1953 sacrificiis
1309 1895 1381 1953 ibid.
1401 1897 1461 1955 145
1475 1898 1500 1967 b,

378 2007 500 2066 Fauno
521 2006 666 2064 oraculum
687 2006 722 2063 dc
742 2000 897 2064 simulacro
919 2005 1045 2063 Hecates
1065 2004 1135 2063 ibid.
1159 2005 1250 2064 2021
1271 2015 1501 2082 supposuerunt3

380 2118 485 2177 Graeci
508 2118 664 2175 ori-entis
689 2116 926 2192 philosophia
951 2116 1080 2174 imbuti
1106 2115 1242 2174 videntur
1268 2134 1368 2175 versus
1394 2116 1502 2176 ibidem

380 2229 469 2287 419d
484 2235 514 2285 et
524 2228 555 2284 in
568 2228 667 2285 codice
677 2227 873 2302 Neapolitano
886 2226 1010 2302 scriptos
1027 2227 1164 2298 finxisse,
1180 2227 1435 2304 Pythagoreus
1450 2229 1502 2286 ali·

379 2338 445 2413 quis
461 2338 607 2396 oraculum
623 2338 659 2395 de
674 2336 852 2395 divinatione
867 2356 914 2413 ap.
928 2338 1037 2396 Euseb.
1054 2359 1097 2414 pr.
1110 2357 1154 2396 ev.
1170 2338 1229 2397 194
1241 2337 1269 2408 (1,
1285 2338 1502 2399 Platonicus

381 2449 528 2510 oraculum
543 2448 675 2524 Apollini
689 2446 853 2523 Didymaeo
870 2448 1015 2507 subditum
1030 2468 1077 2524 ap.
1093 2446 1229 2506 Lactant.
1246 2447 1341 2508 instit.
1359 2449 1389 2509 7.
1411 2452 1460 2509 13.
1475 2452 1501 2522 5,

379 2560 532 2618 Iudaeus
553 2559 670 2618 oracula
690 2578 737 2635 ap.
758 2559 881 2617 eundem
901 2559 937 2616 dc
958 2558 1002 2615 ira
1018 2560 1067 2617 93.
1087 2559 1124 2617 19
1140 2566 1169 2616 et
1183 2559 1380 2636 Augustinum
1396 2560 1433 2618 de
1448 2561 1501 2619 civ.

379 2671 426 2729 dei
445 2673 492 2730 19.
507 2672 556 2741 93,
573 2678 603 2729 81
616 2671 672 2729 duo
687 2672 726 2730 ab
737 2669 867 2730 Eusebio
881 2690 926 2747 pr.
940 2688 983 2729 ev.
997 2671 1057 2729 413
1067 2670 1109 2729 cd
1124 2670 1223 2730 allata.
1239 2669 1360 2729 Nullum
1377 2671 1501 2750 repperi,

380 2782 456 2858 quod
472 2802 490 2841 a
505 2781 672 2843 Christiano
688 2783 787 2841 lictum
803 2800 868 2841 esse
883 2782 1024 2841 videatur.

796 3232 955 3306 CAPUT
978 3233 1084 3306 VIII.

747 3361 820 3466 'nn
849 3399 1117 3466 coniciens.

889 3555 991 3564 ----

443 3663 497 3719 Vel
513 3682 548 3720 ex
564 3663 757 3732 oraculorum,
775 3675 859 3737 quem
875 3662 959 3721 modo
975 3661 1054 3731 dedi,
1076 3661 1172 3719 indice
1187 3671 1323 3739 apparet,
1346 3665 1503 3742 plerasque

381 3772 631 3830 commentationis
647 3772 787 3847 reliquias
802 3773 924 3831 Eusebii
938 3772 1161 3849 praeparatione
1177 3773 1346 3851 evangelica
1360 3795 1428 3835 csse
1443 3796 1503 3835 ser·

381 3890 473 3941 vetas.
505 3882 603 3956 Quare
623 3883 747 3959 primum
767 3883 881 3941 codices
901 3883 1080 3953 describam,
1102 3884 1208 3958 quibus
1223 3884 1354 3943 Thomas
1370 3885 1502 3946 Gaislor-

381 3992 455 4061 dius,
472 3991 516 4048 vir
530 3991 566 4047 de
580 3992 687 4050 littoris
703 3991 824 4052 Graecis
840 3993 947 4069 optime
962 3994 1098 4064 meritus,
1119 3994 1200 4053 cuius
1218 4001 1341 4052 mortem
1356 4004 1502 4056 recentem

380 4102 516 4160 universa
536 4100 684 4161 docturum
703 4102 815 4160 familia
834 4104 914 4181 luget
932 4110 1020 4179 atque
1034 4104 1180 4180 deplorat,
1200 4103 1231 4161 in
1248 4104 1375 4164 editione
1391 4104 1502 4165 Oxoni-

382 4213 445 4272 ensi
460 4231 530 4270 usus
547 4218 601 4282 est,
617 4232 643 4268 a.
663 4208 742 4270 1043
760 4221 895 4287 quattuor
910 4213 996 4270 tomis
1012 4215 1056 4273 eh.
1075 4217 1092 4272 8
1108 4215 1231 4290 prolata.

444 4324 480 4380 A.
503 4322 599 4381 Paria.
614 4322 683 4380 bibl.
698 4341 756 4401 reg.
769 4343 838 4380 num
854 4324 913 4381 451
931 4324 1051 4381 membr.
1068 4343 1144 4382 anno
1161 4326 1222 4383 914
1237 4344 1290 4401 pro
1300 4326 1414 4384 Aretha
1429 4326 1501 4386 Cac-

381 4450 483 4490 sareac
506 4424 732 4510 (Cappadocum)
755 4433 934 4510 Archiepisc.
958 4452 976 4490 a
997 4433 1097 4492 Baane
1120 4436 1256 4512 scriptus.
1287 4433 1428 4494 Continet
1448 4436 1499 4494 lib.

385 4543 462 4601 1-5.
493 4541 586 4601 Deest
601 4543 715 4601 initium
732 4562 824 4621 usque
845 4544 882 4601 ad
905 4562 967 4620 cap.
986 4546 1013 4603 3.
1029 4564 1058 4622 p.
1077 4545 1093 4602 7
1115 4564 1133 4603 a
1150 4546 1178 4604 5.
1205 4545 1270 4624 Vrg.
1291 4543 1363 4629 ἡμῖν
1382 4545 1403 4611 r',
1421 4540 1501 4630 μετὰ
