3592 5400
830 529 921 573 mult
941 530 974 573 n.

468 682 547 744 οίνου
562 677 758 768 παμμέλανός
771 678 798 742 τ’
813 679 915 742 ὀίων1
931 675 955 740 θ’
967 679 1032 767 ἅμα
1046 677 1128 742 καλοὶ
1142 674 1254 768 ῥέεθρα.

336 789 401 856 Καὶ
416 790 598 879 eapte-repon
613 786 679 853 εἶπε
693 791 834 877 περὶτῶν
849 793 961 852 αὐτῶν·

467 898 562 964 Οἶνον
576 901 628 962 καί
641 899 725 989 γάλα
740 901 837 983 βάλλε
851 903 903 964 καὶ
917 890 1028 975 ὕδατος
1042 888 1278 989 ἀγλαόνιεῖδοςί,

467 1003 609 1084 καὶξύλα
623 1012 737 1099 καρπον
752 1016 861 1098 ἔχοντα
877 1000 1043 1100 διογνιίτοιν
1058 1009 1244 1074 ἀκυλαιῶνί·
1485 1027 1500 1067 ι

468 1121 628 1212 σπλάγχνα
643 1112 676 1185 δὲ
690 1119 891 1210 τιοιτθέμενος4
904 1125 1041 1209 λιπαροῖς
1055 1123 1120 1210 ἅμα
1134 1103 1245 1209 νάμασι
1260 1110 1391 1184 aeccle.

402 1232 496 1298 Μετὰ
509 1233 596 1308 ποίας
611 1222 645 1295 δὲ
660 1237 748 1322 εὐχῆς
763 1230 921 1320 ἐρωτηθεὶς
935 1224 1048 1320 ἤρξατο
1065 1231 1134 1320 μέν,
1155 1235 1189 1294 οὐ
1204 1232 1261 1321 μὴν
1280 1232 1458 1321 ἐπλήρωσεν,

335 1343 434 1418 οὕτως
450 1342 569 1406 εἰπώνὸ·

372 1462 444 1523 180.
469 1442 578 1544 δαῖμον
593 1453 775 1542 ἀλιτρονθων
789 1451 908 1542 ψυχῶν7
924 1442 1060 1544 διάδημα
1073 1453 1228 1543 λελογχώς

336 1677 378 1727 rel
396 1674 544 1728 Herodotus
563 1674 587 1726 θ.
604 1674 638 1726 39
656 1690 750 1743 rogum
767 1690 815 1744 pro
833 1674 910 1727 altari
927 1673 1005 1726 dixit:
1024 1671 1157 1743 ἀγαγόντες
1176 1715 1182 1724 .
1202 1714 1207 1725 .
1225 1676 1310 1739 κτῆνος
1333 1672 1393 1744 πρὸς
1417 1673 1459 1724 τὀν

338 1761 439 1830 βωμόν,
459 1757 518 1810 ὅκου
537 1760 565 1809 ἂν
583 1759 673 1826 θιίωοι,
692 1758 891 1828 rectractetur,
909 1760 1025 1827 itemque
1042 1760 1099 1821 alii,
1117 1760 1180 1828 quid
1196 1760 1304 1823 mirum,
1322 1760 1345 1812 si
1363 1760 1459 1811 oraculi

337 1846 464 1913 ambages
487 1843 667 1913 metaphoram
691 1846 872 1913 arripuerunt?
908 1843 1066 1913 Porphyrius
1089 1845 1138 1908 ait,
1162 1845 1266 1896 oraculo
1290 1845 1459 1912 subsequenti

337 1931 410 2000 prius
434 1931 571 1999 explicari3
595 1931 683 2000 itaque
701 1930 771 2000 quod
788 1930 918 2001 inpriore
936 1945 1029 1998 rogus,
1051 1928 1114 1982 haec
1137 1930 1164 1982 in
1182 1930 1325 2000 posteriore
1343 1936 1405 1983 exta
1422 1930 1459 1984 di-

337 2021 440 2068 cuntur.

357 2167 362 2175 .
409 2102 417 2133 1
437 2099 507 2150 θείων
525 2101 585 2164 ΑΗ,
604 2099 677 2151 οίθων
691 2099 742 2170 ἅμα
754 2099 829 2155 CFG.
848 2100 907 2153 Non
925 2100 1013 2152 deerat
1024 2116 1142 2169 unquam
1154 2100 1238 2152 sulfur
1248 2101 1457 2153 lustrationibus:

338 2186 383 2238 sed
398 2185 465 2236 καλὰ
483 2183 569 2255 ῥέεθρα
586 2193 612 2236 et
629 2187 714 2237 aliena
731 2191 792 2238 sunt
809 2203 825 2238 a
843 2186 942 2238 sulfure
960 2192 986 2237 et
1002 2189 1145 2255 posteriore
1164 2187 1269 2238 oraculo
1287 2186 1408 2238 distincte
1426 2188 1459 2239 ad

337 2272 377 2324 lac
395 2272 549 2324 referuntur.
573 2272 641 2322 Tum
658 2278 748 2341 posset
765 2273 870 2340 quidem
889 2266 950 2341 alpe
968 2271 1019 2323 κελ.
1032 2271 1189 2340 οἷνουπαμμ.
1203 2272 1340 2340 coniungi,
1358 2279 1386 2323 at
1403 2277 1459 2325 tum

339 2357 427 2425 βότρυς
445 2373 467 2410 s.
487 2352 609 2425 ἄμπελος,
627 2373 680 2408 non
699 2350 762 2416 οἶνος
781 2356 904 2409 dicendus
923 2362 989 2409 erat:
1012 2363 1037 2409 et
1057 2358 1186 2426 sanguine
1204 2373 1283 2426 supra
1300 2356 1458 2427 Porphyrius

338 2441 440 2493 dixerat
459 2441 598 2493 daemones
620 2443 726 2511 placari.
763 2429 865 2512 Optime
883 2460 924 2494 res
942 2443 1105 2511 procederet,
1130 2444 1152 2493 si
1171 2440 1221 2500 οίθς
1239 2443 1395 2494 scriberetur
1411 2461 1458 2513 pro

338 2524 417 2578 οίνοοι
443 2528 549 2578 obstant
571 2533 660 2578 tamen
683 2530 845 2597 subsequens
869 2524 928 2578 ὀίων
950 2534 975 2580 et
997 2529 1107 2579 alterum
1131 2528 1277 2590 oraculum,
1301 2528 1347 2578 ubi
1368 2529 1459 2580 vinum

338 2617 565 2665 commemoratur.
597 2612 682 2674 Quare
695 2630 754 2665 cum
767 2614 862 2681 Vigero
877 2612 989 2665 incisum
1001 2613 1077 2681 posui
1089 2617 1150 2680 post
1162 2610 1272 2661 κελαινόν
1285 2617 1311 2663 et
1326 2629 1373 2680 pro
1389 2611 1459 2663 θείων

338 2698 435 2751 codicis
455 2697 477 2749 Α
498 2698 592 2767 scripsi
614 2699 635 2749 r'
654 2694 726 2762 ὀίων,
751 2716 802 2768 quo
824 2699 893 2751 facto
912 2705 939 2750 et
959 2698 986 2750 id
1003 2698 1146 2763 lucramur,
1169 2704 1199 2749 ut
1221 2697 1307 2749 brevis
1330 2698 1388 2766 syll.
1406 2715 1459 2750 uon

338 2786 391 2836 arsi
410 2784 537 2852 amplius,
556 2784 602 2836 sed
619 2786 748 2854 positione
770 2785 941 2854 producatur,
963 2788 990 2834 et
1006 2784 1082 2847 illud,
1107 2789 1134 2835 ut
1152 2784 1243 2835 eadem
1261 2789 1371 2852 utroque
1389 2800 1459 2837 corn-

338 2874 515 2923 memorentur
533 2871 636 2921 oraculo
654 2876 757 2940 praeter
774 2871 876 2939 lignum
893 2870 960 2922 ilicis
978 2886 1038 2921 cum
1056 2869 1204 2938 glandibus.

408 2954 418 2987 ί
436 2955 455 3006 Ι.
474 2971 497 3007 e.
515 2971 584 3023 aqua
600 2972 677 3024 pura,
696 2973 729 3008 ex
747 2956 819 3008 lente
836 2955 943 3019 hausta,
962 2972 1016 3025 qua
1027 2956 1142 3026 exempli
1159 2955 1245 3023 gratia
1261 2956 1289 3007 in
1301 2955 1381 3025 Soph.
1394 2955 1457 3010 Oed.

338 3039 453 3093 Goloueo
471 3040 627 3091 Eumenides
646 3043 791 3109 placantur.

407 3124 584 3193 3διογενιίτων
607 3126 659 3178 FG.
695 3128 734 3178 Ita
756 3129 931 3196 appellantur,
955 3128 1017 3195 quia
1038 3144 1148 3197 quercus
1170 3127 1226 3179 lovi
1247 3143 1322 3179 sacra
1345 3131 1408 3181 erat.
1426 3158 1459 3167 -

338 3208 447 3265 ιίκυλίων
459 3211 517 3274 ΑΗ,
528 3208 651 3261 ἀκυλαίων
660 3213 714 3263 rell.
732 3212 791 3264 Nou
802 3214 878 3265 credo
894 3213 1051 3265 adiectivum
1066 3230 1122 3264 esse
1136 3211 1360 3280 supplendumque
1371 3212 1458 3276 ξύλων,

338 3296 383 3347 sed
403 3294 521 3345 ἀκυλαίαν
539 3312 597 3348 esse
615 3298 821 3360 substantivum,
840 3298 993 3366 productum
1012 3299 1046 3348 ab
1064 3297 1162 3348 oraculi
1180 3303 1283 3348 auctore
1302 3302 1332 3347 ut
1349 3298 1382 3348 ab
1400 3298 1459 3349 aliis

337 3381 444 3433 novitiis
461 3381 545 3449 poetis
564 3381 693 3445 σεληναίαν
712 3400 744 3434 ex
763 3381 865 3449 σελήνῃ,
885 3379 977 3450 ὡραίαν
995 3399 1028 3432 ex
1047 3381 1115 3450 ὥρᾳ,
1138 3381 1241 3449 aliaque
1259 3397 1326 3448 quae
1344 3381 1407 3434 Lob.
1426 3382 1459 3435 ad

338 3464 419 3535 Soph.
438 3465 478 3518 at.
492 3464 542 3517 208
560 3471 586 3517 et
602 3465 698 3535 Phryn.
717 3484 742 3535 p.
755 3467 883 3519 ull-59
902 3467 1041 3534 congessit.

407 3552 418 3583 ⁴
436 3550 525 3602 Potest
542 3567 599 3603 esse
623 3553 639 3602 i.
659 3569 683 3619 q.
703 3553 824 3620 sepelire,
848 3558 877 3603 ut
900 3552 927 3602 in
945 3551 1030 3603 fossas
1053 3551 1103 3602 diis
1127 3550 1350 3619 daemonibusque
1367 3552 1457 3604 inferis

337 3636 440 3688 hostiae
457 3641 617 3699 mactantur;
640 3638 685 3688 sed
708 3654 789 3705 quum
810 3638 895 3706 priore
914 3638 1017 3688 oraculo
1041 3635 1198 3688 sacrificium
1215 3636 1276 3703 igne
1294 3636 1321 3687 in
1339 3653 1384 3688 ara
1401 3637 1459 3688 fieri

337 3723 470 3785 iubeatur,
488 3727 604 3789 praestat
622 3723 784 3790 interpretari
797 3722 937 3791 deponere,
956 3721 974 3775 i.
994 3738 1015 3773 e.
1033 3722 1061 3773 in
1079 3737 1132 3772 ara.
1163 3720 1308 3772 Coniuncta
1327 3727 1416 3773 autem
1430 3722 1458 3773 in

336 3806 378 3860 his
397 3807 478 3858 sacris
497 3805 655 3875 μελίκρατον,
674 3807 833 3875 καυατήριον,
852 3809 929 3859 ambo
942 3807 1129 3859 sacrificiorum
1141 3822 1248 3874 genera:
1267 3805 1367 3858 fructus
1385 3807 1458 3859 meli·

337 3898 493 3959 cratonque,
511 3897 538 3943 et
553 3892 687 3955 victimae,
707 3893 780 3943 cuius
799 3893 990 3944 coniunctionis
1009 3894 1129 3960 exempla
1150 3892 1285 3959 complura
1302 3891 1330 3945 O.
1347 3891 1376 3945 F.
1394 3893 1457 3944 Her·

337 3993 451 4029 mannus
470 3977 660 4045 gottesdienstl.
679 3976 787 4030 Alterth.
803 3980 825 4042 ξ.
839 3976 871 4027 25
889 3983 943 4031 not.
959 3977 990 4028 12
1009 3978 1120 4045 collegit.
1150 3978 1190 4028 lta
1207 3977 1238 4029 de
1257 3978 1395 4030 animabus
1407 3978 1457 4030 Lu-

337 4064 429 4114 cianus
449 4061 574 4114 Charonis
593 4077 649 4130 cap.
662 4061 706 4113 22:
726 4061 943 4112 πεπιστεύκασι..
967 4058 1008 4121 τὰς
1027 4062 1106 4132 ψυχὰς
1129 4060 1332 4132 ἀναπεμπομένας
1350 4062 1457 4115 κάτωθεν

337 4148 440 4199 δειπνεῖν
460 4145 503 4216 μὲν
522 4144 554 4206 ὡς
573 4141 624 4197 οἷον
643 4165 667 4197 τε
690 4145 878 4215 περιπετομένας
901 4145 943 4211 τὴν
962 4147 1061 4199 κνίοοαν
1084 4147 1124 4198 καλ
1146 4147 1188 4198 τον
1211 4150 1317 4216 καπνόν,
1340 4149 1412 4200 πίνειν
1431 4148 1458 4200 δὲ

337 4230 386 4283 ἀπὸ
406 4236 450 4282 τοῦ
470 4231 559 4301 βόθρου
573 4231 600 4282 το
615 4231 769 4300 μελίκρατον.
800 4231 905 4283 Scilicet
917 4233 1064 4286 efficaciora
1078 4233 1142 4285 haec
1154 4233 1307 4285 videbantur
1318 4234 1455 4288 sacrificia.

406 4318 417 4350 ⁵
435 4316 494 4369 Non
511 4321 654 4387 suppetunt
671 4316 776 4386 quidem
794 4318 910 4385 syllabae
928 4319 1015 4371 brevis
1033 4324 1094 4370 ante
1112 4336 1146 4370 σπ
1164 4318 1297 4385 exempla3
1321 4334 1402 4385 quum
1419 4324 1457 4370 ta·

336 4420 398 4455 men
417 4421 448 4454 σκ
471 4420 524 4455 nou
542 4419 645 4471 semper
662 4401 787 4470 producat
805 4402 849 4471 (cl.
868 4419 930 4471 pag.
950 4403 997 4456 132
1015 4409 1068 4456 not.
1085 4404 1113 4471 4)
1137 4410 1163 4456 et
1180 4421 1214 4455 σπ
1235 4403 1263 4454 in
1280 4404 1401 4457 vocabuli
1423 4404 1458 4458 sit

336 4488 437 4555 fronte,
456 4488 616 4540 coniecturas
635 4487 776 4555 periclitari
792 4488 873 4541 nolui.

407 4572 418 4605 ⁶
437 4570 510 4629 εἰπών
529 4589 579 4628 0111.
597 4573 652 4625 ΑΗ.
806 4572 817 4606 ⁷
837 4571 917 4649 ψυχὴν
935 4572 978 4624 DF
981 4572 1012 4631 G,
