3592 5400
946 640 989 704 62

478 851 598 935 βαινον
633 850 795 915 ἐνταυθοῖ
826 852 879 913 ἐπὶ
911 854 948 914 τὸ
974 850 1197 937 δικαστήριον.
1223 853 1261 917 In
1281 853 1329 918 his
1352 859 1382 919 et
1405 853 1456 918 οῗ-

480 995 580 1053 ιιοθεν
612 994 641 1054 et
673 989 726 1052 ἐπὶ
760 993 794 1053 τὸ
820 988 1030 1075 δικαστήριον
1054 991 1220 1058 scribarum
1245 998 1315 1058 sunt
1339 992 1456 1059 addita·

480 1134 586 1193 menta.

911 1378 1032 1443 XXXI.

524 1640 615 1727 Apud
638 1637 797 1724 Polybium
818 1638 875 1704 XI.
900 1643 951 1704 31.
974 1637 1086 1723 διόπερ
1110 1636 1184 1702 οὐδὲ
1209 1637 1456 1724 προσδέξασθαι

481 1782 728 1859 συναγωνιστὴν
754 1780 893 1863 Ἰβήρων
919 1776 1039 1843 οὐδένα
1063 1776 1222 1852 καθάπαξ
1247 1777 1308 1861 ἔφη
1326 1778 1457 1865 (Scipio)

478 1916 522 1981 δι’
547 1918 656 1983 αὐτῶν
688 1916 722 1980 δι’
748 1918 924 2001 Ῥωμαίων
949 1923 1173 1997 συστήσασθαι
1200 1921 1257 1982 τὸν
1282 1915 1455 1995 κίνδυνον,

477 2081 546 2123 vera
568 2058 658 2124 lecti0
681 2063 727 2122 est
751 2055 988 2142 προσδέξεσθαι
1013 2065 1043 2124 et
1066 2063 1295 2137 συστήσεσθαι.

895 2319 1036 2384 XXXII.

523 2581 712 2668 Ubicumque
734 2581 830 2648 verbis
851 2583 950 2666 φημί,
973 2580 1074 2661 λέγω,
1095 2578 1257 2664 ὁμολογῶ,
1274 2580 1455 2667 ὑπισχνοῦ-

475 2750 552 2805 μαι,
587 2726 706 2805 ὄμνυμι
742 2722 951 2808 similibusque
982 2725 1114 2788 αοιὶιίυι
1143 2722 1177 2786 in
1212 2720 1297 2786 libris
1333 2721 1456 2787 additur

475 2886 544 2927 cum
566 2862 668 2939 futuri
688 2862 830 2948 temporis
848 2862 1071 2948 significatione
1089 2859 1203 2927 scribae
1223 2861 1330 2927 vidum
1343 2859 1455 2925 subest.

884 3121 1043 3187 XXXIII.

518 3387 674 3475 Perperam
706 3386 862 3453 Bekkerus
893 3386 989 3452 edidit
1011 3384 1090 3474 apud
1112 3341 1274 3471 Poljbium
1298 3383 1374 3448 XII.
1400 3389 1451 3450 23.

474 3528 597 3599 ἐκεῖνος
630 3525 856 3613 (Callisthenes)
888 3528 949 3607 μὲν
980 3516 1038 3588 οὖν
1074 3523 1241 3588 ἀποθεοῦν
1267 3524 1323 3587 τὸν
1350 3521 1451 3586 Ἀλέ-

474 3664 616 3751 ξανδρον
641 3665 700 3729 ουν
726 3663 904 3752 ἐβουλήθη.
934 3663 1144 3751 Expungenda
1165 3670 1211 3729 est
1232 3664 1353 3750 negaIi0
1378 3662 1449 3726 οὐκ.

881 3941 1036 4006 XXXIV.

518 4206 607 4293 Apud
639 4205 811 4270 CIceronem
842 4206 874 4268 in
907 4204 1029 4269 Verrem
1062 4204 1104 4269 II.
1136 4209 1187 4269 40.
1216 4205 1233 4288 d
1258 4208 1316 4269 98:
1339 4204 1450 4269 citatus

474 4352 628 4411 accusator
659 4381 702 4393 —-
732 4367 793 4409 non
824 4344 998 4432 respondet,
1028 4368 1087 4409 υοιι
1110 4344 1237 4429 adsuit;
1261 4343 1321 4408 duo
1343 4343 1451 4409 ultima

475 4487 561 4554 verba
584 4487 684 4575 spuria
706 4491 786 4551 sunt.
