3592 5400
405 523 467 591 222
807 547 1053 593 scommatum
1072 549 1113 593 ru.

404 699 457 770 „in
470 699 571 770 libris,
592 700 697 776 quibus
712 701 814 760 titulus
830 710 876 761 est
893 720 924 760 π.
939 696 1045 780 ἡρώων
1059 699 1111 759 καὶ
1127 686 1312 784 ἀαιρ.6νων”,
1334 704 1490 763 daemones
1505 725 1522 762 a

404 793 497 867 δαίειν
512 829 577 870 esse
591 817 721 881 vocatos,
745 812 833 887 ,quia
846 832 882 870 ex
896 815 1033 871 aetherea
1048 813 1213 872 substantia
1226 821 1313 889 parta
1326 822 1416 889 atque
1430 816 1523 874 divisa

402 922 529 997 qualitas
548 921 608 981 illis
628 915 701 992 sit,'’
722 923 850 981 Macrob.
873 920 935 982 Sat.
955 926 982 994 1,
999 924 1048 982 23.
1078 924 1191 982 Eadem
1211 923 1300 981 etiam
1315 925 1468 983 Plutarchi
1487 926 1522 984 de

403 1029 483 1092 Soor.
499 1031 592 1092 daem.
610 1033 648 1091 24
667 1053 697 1109 p.
710 1032 802 1092 593d
822 1041 868 1091 est
883 1033 1039 1092 sententia.
1076 1034 1187 1092 Multus
1207 1041 1254 1092 est
1272 1035 1309 1092 de
1328 1035 1521 1097 daemonibus

401 1142 574 1201 Maximus
587 1142 717 1218 Tyrius
732 1142 807 1220 disp.
822 1143 872 1212 25,
885 1145 903 1202 8
919 1150 949 1201 et
960 1144 1037 1219 disp.
1050 1145 1101 1213 27,
1116 1144 1158 1201 ita
1168 1151 1277 1214 tamen,
1289 1153 1330 1216 ut,
1347 1164 1425 1221 quae
1435 1147 1521 1204 Plato

298 1288 311 1303 ·
402 1253 433 1310 in
449 1253 595 1324 convivio,
610 1254 759 1323 Phaedro,
774 1253 901 1311 Politico
915 1254 1129 1329 disputaverat,
1145 1255 1250 1312 conflet
1264 1262 1294 1313 et
1308 1256 1478 1331 amplificet.

463 1364 679 1423 Platonicorum
698 1364 873 1434 doctrinam,
901 1364 1048 1423 hominum
1070 1371 1247 1422 mortuorum
1266 1366 1381 1425 animas
1402 1368 1434 1424 in
1454 1386 1521 1425 aere

400 1472 536 1544 volitare,
552 1482 671 1534 noverat
685 1473 818 1534 Paulus
833 1475 869 1532 ad
885 1475 1033 1550 Ephesios
1050 1476 1077 1533 2.
1092 1476 1125 1533 2:
1142 1471 1172 1533 ὲν
1187 1464 1232 1543 αἷς
1248 1468 1430 1558 (ἁμαρτίαις)
1445 1471 1520 1535 ποτὲ

400 1581 638 1667 περιεπατήσατε
650 1577 730 1642 κατά
740 1577 793 1642 τὸν
804 1583 900 1643 αἰῶνα
909 1589 964 1642 τοῦ
976 1579 1090 1666 κόσμου
1098 1579 1224 1659 τούτου,
1237 1580 1319 1643 κατὰ
1325 1581 1380 1643 τὸν
1389 1579 1520 1670 ἄρχοντα

397 1699 454 1763 τῆς
469 1680 602 1765 ἐξουσίας
616 1699 671 1753 τοῦ
687 1687 785 1776 ἀέρος,
805 1699 860 1752 τοῦ
875 1690 1044 1777 πνεύματος
1063 1700 1118 1755 τοῦ
1139 1700 1188 1753 νῢν
1203 1691 1394 1779 ἐνεργοῦντος
1413 1694 1445 1755 ὲν
1458 1703 1519 1767 τοῖς

400 1803 472 1874 υἱοῖς
486 1809 540 1874 τῆς
556 1798 713 1874 ἀπειθείας.
741 1805 840 1867 Plane,
855 1825 890 1863 ex
905 1806 1028 1865 Platone
1046 1805 1205 1865 doctrinam
1221 1824 1335 1865 sacram
1349 1808 1459 1867 Philo
1473 1809 1518 1867 Iu·

398 1915 490 1974 dacus
501 1917 716 1993 interpretatur.
742 1916 794 1973 Ait
805 1917 841 1973 de
853 1915 1029 1993 Gigantibus
1045 1913 1062 1989 ξ
1075 1917 1091 1974 2
1110 1909 1189 1991 (tom.
1206 1919 1219 1974 1
1237 1936 1266 1991 p.
1281 1914 1517 1996 263-Mangey;):

379 2064 381 2068 -
399 2024 449 2095 οὓς
461 2019 548 2084 ἄλλοι
561 2021 715 2109 φιλόσοφοι
727 2009 893 2107 δαίμονας
901 2018 1084 2109 ἀγγέλους
1094 2017 1228 2094 Μωυσῆς
1239 2018 1342 2084 εἴωθεν
1353 2015 1517 2110 ὀνομάζειν·

353 2195 355 2199 ,
399 2125 491 2218 ψυχαὶ
507 2121 540 2195 δέ
556 2137 610 2195 εἰσι
625 2131 705 2195 κατά
719 2130 772 2193 τὸν
788 2129 862 2217 ἀέρα
874 2130 1063 2218 πετόμεναι..
1078 2128 1367 2218 καταλαμβάνεσθαι
1378 2123 1415 2196 δὲ
1426 2133 1518 2209 αὐτὰς

398 2243 562 2330 ἀναγκαῖον
577 2241 633 2304 ὑπὸ
649 2250 715 2321 νοῦ,
726 2241 775 2303 ἵνα
788 2239 859 2327 πρὸς
873 2249 936 2302 τῶν
951 2241 1062 2327 ὁμοίων
1076 2241 1113 2303 τὸ
1129 2240 1231 2328 ὅμοιον
1246 2238 1404 2329 θεωρῆσαι.
1434 2249 1517 2327 Quae

397 2357 595 2434 intercedunt,
609 2374 674 2414 oum
689 2356 854 2432 epinomide
865 2355 1043 2431 conspirant.
1069 2358 1160 2415 Addit
1173 2355 1190 2431 ξ
1202 2359 1236 2416 3:
1251 2376 1328 2434 quae
1339 2359 1456 2418 animae
1467 2381 1515 2419 uo·

394 2467 505 2527 luerint
520 2485 644 2542 unquam
660 2468 691 2524 iu
707 2485 829 2542 corpora
842 2467 1032 2536 descendere,
1061 2468 1106 2526 his
1125 2460 1279 2549 ὑπηρέτισι
1297 2463 1350 2526 καὶ
1370 2452 1516 2540 διακόνοις

398 2577 414 2636 ὀ
430 2562 607 2662 δημιουργὰς
622 2570 708 2635 εἴωθε
722 2569 875 2660 γρῆσθαι..
897 2565 999 2634 -Αὗται
1015 2571 1069 2658 μὲν
1084 2565 1136 2634 οὖν
1150 2576 1205 2637 εἰσι
1219 2566 1311 2660 ψυχαὶ
1325 2583 1389 2636 τῶν
1404 2573 1515 2639 ἄνωθέν

394 2706 458 2759 πως
473 2681 747 2771 φιλοσοφησάντων.
772 2689 819 2747 Ita
832 2688 919 2747 Plato
934 2688 964 2746 in
981 2686 1110 2764 Cratylo.
1140 2689 1227 2748 Philo
1242 2686 1290 2763 §4
1305 2690 1431 2763 animas,
1446 2692 1514 2751 dae·

394 2818 509 2870 moues,
525 2800 644 2876 angelos
660 2800 792 2863 nitidem
808 2818 882 2861 esse.
909 2800 1008 2857 Bonos
1024 2806 1053 2856 et
1067 2800 1161 2858 malos
1176 2800 1288 2876 deoque
1301 2800 1439 2879 indignos
1450 2788 1514 2861 dae-

395 2928 496 2968 mones
509 2928 589 2980 esse,
603 2910 646 2967 sic
656 2917 689 2967 ut
698 2910 847 2968 hominum
858 2910 949 2967 animi
961 2911 1115 2969 honestate
1125 2910 1271 2968 differant.
1292 2910 1342 2969 De
1352 2914 1461 2973 mundo
1473 2912 1512 2989 §3

395 3026 464 3077 tom.
479 3019 496 3077 2
512 3039 542 3094 p.
556 3019 616 3077 640
632 3019 673 3076 Μ.
689 3027 722 3075 ut
740 3020 771 3078 in
790 3009 925 3079 Platonis
944 3021 1101 3079 Phaedone
1119 3012 1194 3079 alias
1213 3020 1328 3081 animas
1346 3022 1380 3080 in
1395 3042 1514 3101 corpora

394 3128 437 3188 ait
450 3128 556 3187 iterum
571 3129 759 3201 descendere,
783 3129 971 3207 perfectiores
987 3132 1017 3188 iu
1031 3132 1180 3189 aetherem
1193 3132 1325 3190 sublatas
1339 3133 1513 3212 interpretes

393 3240 458 3299 fieri
479 3240 638 3300 voluntatis
662 3241 776 3298 divinae
798 3242 835 3299 ad
857 3241 1004 3311 homines,
1031 3242 1239 3301 desideriorum
1265 3242 1458 3304 humanorum
1477 3245 1512 3305 ad

394 3352 489 3411 deum.
521 3342 575 3420 Ἃς
591 3343 687 3433 οἱμὲν
706 3342 774 3434 παρ’
790 3340 921 3417 Ἕλλησι
941 3346 1196 3434 φιλοσοφήσαντες
1210 3346 1314 3434 ἥρωας
1322 3352 1451 3414 καλοῦσι
1465 3350 1513 3414 καὶ

395 3445 552 3544 δαίμονας,
568 3453 701 3530 Μωυσῆς
717 3444 782 3520 δὲ..
798 3455 948 3545 ἀγγέλους
961 3455 1183 3545 προσαγορεύει
1212 3460 1328 3522 Similia
1342 3465 1380 3523 de
1395 3466 1512 3525 somniis

392 3573 444 3631 lib.
461 3575 474 3630 1
493 3570 560 3645 §22
577 3579 645 3630 tom.
662 3576 675 3630 1
693 3592 722 3648 p.
738 3573 813 3643 641,
833 3573 869 3642 de
889 3573 1014 3649 plantat.
1034 3572 1118 3631 Noae
1133 3571 1190 3647 §a
1211 3581 1281 3633 tom.
1302 3578 1316 3633 l
1334 3596 1364 3651 p.
1378 3579 1456 3649 332,
1478 3578 1512 3635 de

391 3683 504 3741 cousus.
521 3682 591 3759 ling.
607 3681 677 3757 §.34
692 3690 761 3741 tom.
777 3686 792 3741 l
809 3704 838 3759 p.
852 3685 924 3742 431.

455 3793 514 3851 Hie
526 3792 615 3869 igitur
626 3794 747 3871 angelos
761 3795 799 3851 ab
810 3793 971 3863 Hebraeis,
987 3794 1143 3852 daemones
1155 3814 1173 3851 a
1184 3793 1307 3853 Graecis
1318 3805 1439 3858 vocatos
1448 3815 1511 3857 esso

392 3910 501 3961 censet.
538 3904 579 3959 At
605 3923 709 3961 munus
736 3912 814 3961 certe
843 3905 1009 3961 nuntiorum
1031 3903 1160 3963 Graecos
1185 3923 1300 3980 quoque
1323 3909 1509 3968 daemonibus

392 4012 531 4071 tribuisse
560 4029 649 4087 supra
677 4014 815 4085 vidimus3
848 4034 890 4073 ne
915 4034 1022 4073 nomen
1044 4015 1161 4091 quidem
1186 4016 1404 4093 ignoraverunt.
1448 4018 1508 4079 So·

390 4126 504 4201 phron
518 4142 565 4199 ap.
578 4123 639 4182 sch.
655 4123 778 4184 Theoor.
792 4126 820 4195 2,
836 4126 873 4184 12
888 4125 990 4183 fabula
1003 4126 1144 4201 explicat,
1159 4144 1212 4184 cur
1221 4127 1335 4186 Hecate
1349 4129 1407 4187 dea
1420 4129 1508 4187 infera

390 4236 468 4294 facta
482 4234 522 4294 sit
536 4241 566 4291 et
580 4233 701 4292 mortuis
716 4234 847 4310 imperet.
873 4235 919 4294 Ibi
935 4255 998 4293 eam
1010 4237 1052 4293 ait
1062 4237 1139 4295 Iovis
1150 4236 1329 4313 Iunoniaque
1343 4239 1436 4297 filiam
1447 4257 1506 4298 esse

390 4346 540 4422 primoque
555 4365 661 4404 nomen
677 4336 828 4429 Ἄγγελον
849 4346 961 4405 tulisse.
995 4346 1052 4405 His
1071 4348 1170 4406 inesse
1189 4347 1304 4406 videtur
1317 4350 1505 4428 Pythagorica

390 4453 590 4531 interpretatio
606 4454 745 4527 muneris,
760 4475 817 4531 quo
832 4457 935 4515 Manes
950 4456 1081 4515 Hecatae
1095 4458 1203 4516 dicioni
1219 4458 1330 4516 subditi
1344 4460 1501 4538 fungantur,

390 4567 519 4625 muneris
540 4566 660 4644 inquam
683 4566 876 4644 patefaciendi
898 4567 1064 4627 hominibus
1086 4568 1264 4626 voluntatem
1287 4569 1416 4629 deorum.
1451 4568 1500 4627 His
