3592 5400
632 546 675 589 us
697 547 945 592 cousucmrrous
968 548 1158 594 suurusuurr.
1396 534 1458 599 209

339 694 374 758 ἐκ
387 691 515 757 Τυάνων
526 692 622 782 ὄνομα
636 693 828 770 Ἀπολλώνιος
843 698 878 760 ἐκ
892 696 978 760 λίθου
993 690 1099 771 ξεστοῦ
1113 709 1190 786 τρεῖς
1205 700 1392 771 άνεστήσατο
1407 726 1460 767 πε-

338 803 481 893 λαργούς,
505 806 737 893 ἀντιπροσόιπως
758 811 889 894 ὁρῶντας
912 810 1078 888 ἀλλήλους,
1102 814 1131 871 οἳ
1151 810 1202 870 καὶ
1228 808 1313 898 μέχρι
1332 822 1387 875 τοῦ
1410 824 1460 877 νῦν

336 904 542 1002 διαμένουσιν,
565 918 600 977 ot
620 926 841 1005 συγχωροῦντες
861 919 1050 1005 ἐπιμοιτήσαι
1068 929 1108 1002 τῇ
1122 918 1209 981 πόλει
1223 920 1260 982 τό
1274 930 1336 983 τῶν
1349 926 1460 1012 πελαρ-

335 1034 400 1114 γῶν
414 1023 508 1114 γένος
1436 1078 1442 1087 .

399 1143 495 1199 Anon.
516 1140 658 1199 Buudurii
678 1150 753 1218 part.
776 1145 793 1202 3
815 1163 843 1219 p.
865 1145 905 1202 42
928 1146 972 1203 ed.
994 1146 1079 1204 Pan:
1099 1146 1274 1222 Apollonius
1295 1147 1390 1225 Tyan.
1412 1143 1459 1207 ἐπὶ

334 1246 434 1320 πάσας
447 1256 502 1319 τῆς
515 1246 632 1319 πόλεως
645 1246 686 1309 τά
701 1246 868 1335 ἀγάλματα
883 1249 1127 1336 ἐστοιχειώσατο,
1150 1255 1178 1312 οί
1196 1241 1229 1313 δὲ
1245 1256 1363 1338 ἔχοντες
1377 1244 1459 1316 δοκι-

336 1356 395 1445 μήν
415 1365 480 1418 τῶν
499 1359 696 1426 στήλωτιιιῶν
716 1359 973 1446 ἀποτελεσμάτων
993 1360 1147 1446 εὑρήσουσι
1162 1359 1263 1425 πάντα
1278 1359 1385 1434 ἀληθῆ.
1414 1370 1458 1428 Id.

338 1475 369 1543 1,
389 1472 442 1530 15:
458 1470 486 1529 οἱ
501 1456 536 1529 δὲ
551 1469 732 1537 στήλωτικοὶ
746 1476 807 1530 τῶν
823 1471 1079 1558 ἀποτελεσμάτων
1094 1479 1193 1533 ταῦτα
1205 1470 1306 1535 πάντα
1321 1482 1458 1536 συνιᾶσιν.

336 1576 491 1646 ἐστήλωσε
512 1566 547 1639 δὲ
567 1578 646 1640 αὐτά
659 1575 851 1653 Ἀπολλώνιος
871 1583 888 1641 ό
904 1577 1036 1653 Τυανεὺς
1055 1578 1257 1668 παρακληθεὶς
1276 1582 1358 1670 παρά
1371 1581 1459 1646 Κων-

336 1663 496 1750 οταντίνου
515 1697 570 1749 τοῦ
586 1686 737 1776 μεγάλου,
758 1690 810 1751 καὶ
830 1682 972 1752 εἰσελθὼν
993 1691 1181 1779 ἐστοιχεάυσε
1200 1691 1241 1754 τά
1256 1692 1391 1781 ὀνόματα
1405 1703 1460 1768 τῆς

336 1797 524 1885 ἐπικρατείας
544 1796 600 1872 ἕως
617 1796 723 1872 τέλους
743 1799 868 1862 αἰώνων.
901 1806 971 1864 Alia
989 1806 1119 1865 eiusdem
1138 1807 1217 1864 modi
1238 1807 1293 1867 Ge.
1310 1807 1459 1868 (ledrenus

336 1933 364 1990 p.
381 1914 444 1972 246
459 1933 479 1970 a
494 1908 574 1991 (tom.
590 1915 605 1971 l
620 1933 648 1989 p.
665 1916 743 1985 431,
762 1917 799 1973 19
814 1909 933 1992 Bella).

397 2016 542 2105 Ἀόρνους,
558 2024 608 2099 qui
623 2043 692 2083 avos
707 2025 845 2101 perdant,
859 2026 1058 2085 Philostratus
1074 2036 1278 2084 commemorat
1292 2028 1342 2086 vit.
1359 2031 1457 2105 Apoll.

336 2134 369 2205 2,
385 2135 435 2204 10,
451 2133 491 2201 ὡς
505 2126 654 2200 Ἀθήνησιν
666 2120 739 2191 ἰδεῖν
755 2134 834 2192 ἐστιν
849 2130 880 2193 ἐν
895 2119 1055 2218 προδρόμῳ
1069 2139 1124 2193 τοῦ
1140 2128 1344 2219 Παρθενῶνος.
1366 2141 1457 2199 Accu-

334 2245 427 2304 ratius
442 2247 552 2304 Ausou.
568 2246 710 2304 Mosellae
725 2247 802 2304 310:
822 2247 857 2304 Iu
872 2266 939 2305 arce
953 2244 1102 2305 Minervae

488 2355 598 2414 Ictinos
613 2356 724 2432 magico
739 2357 785 2414 eui
800 2366 906 2416 noctua
920 2351 1027 2433 perlita
1039 2357 1104 2417 fuco

489 2466 582 2524 allicit
597 2484 682 2523 omne
695 2486 788 2544 genus
802 2468 949 2538 volucres,
964 2468 1137 2545 perimitque
1153 2470 1270 2527 tuendo.

398 2576 501 2634 Taetz.
517 2576 585 2635 chil.
602 2577 620 2635 ἀ
636 2574 662 2650 §.
679 2577 718 2635 59
734 2596 761 2636 v.
778 2577 854 2636 920:

463 2678 573 2756 Λαίιός
587 2679 652 2765 (sic)
667 2706 712 2756 τις
727 2680 887 2769 φιλόσοφος
902 2681 934 2745 ἐν
944 2680 1060 2770 ,χρόνοις
1074 2679 1220 2770 Ἀντιόχου

464 2792 516 2854 καὶ
528 2793 672 2866 τελεστὴς
686 2793 738 2855 καὶ
753 2792 894 2880 μυστικὸς
908 2794 960 2855 καὶ
974 2791 1226 2881 τερατοεργάτής,

463 2905 570 2990 λοιμοῦ
584 2902 640 2972 τήν
655 2900 828 2989 Ἀντιόχειαν
844 2900 979 2991 μεγάλου
994 2901 1211 2989 κατασχόντος,

464 3003 552 3086 ξέσας
567 3014 597 3075 ἐν
612 3011 708 3100 πέτρα
722 3012 882 3100 πρόσωπον
894 3011 1039 3101 Χάρωνος
1054 3009 1113 3087 θείς
1127 3034 1162 3076 τε
1175 3012 1262 3077 πόλει

463 3123 520 3193 τήν
534 3122 620 3185 νόσον
635 3114 833 3211 ἐξωστράκισε
849 3123 968 3211 μακράν
982 3121 1160 3210 Ἀντιοχέων.

336 3239 480 3301 Similiter
494 3239 533 3297 id.
550 3258 631 3315 excg.
647 3239 734 3297 Hom.
750 3238 786 3297 Il.
803 3240 859 3309 93,
875 3240 905 3296 5.

400 3348 463 3409 Sub
473 3349 633 3407 Maximino
645 3350 844 3418 Theotecnus,
862 3346 1094 3405 Christianorum
1109 3346 1375 3422 persequendorum
1390 3365 1456 3406 auo

336 3470 396 3531 tor,
413 3453 485 3543 γόης
500 3455 552 3516 καί
565 3453 705 3541 πονηρός,
722 3458 895 3517 Antiochiae
909 3454 1060 3513 τελευτῶν
1076 3438 1200 3512 εἴδωλόν
1214 3470 1249 3511 τε
1264 3448 1333 3523 Διός
1347 3448 1456 3514 Φιλίου

337 3564 535 3654 μαγγανείαις
558 3565 617 3626 τισὶ
641 3564 694 3625 καί
712 3563 863 3652 γοητείαις
883 3551 986 3648 ἱδρύει·
1010 3555 1135 3631 τελετάς
1154 3579 1189 3620 τε
1208 3556 1353 3646 ἀνάγνους
1374 3563 1456 3642 αὐτῷ

338 3678 390 3739 καὶ
406 3674 526 3763 μυήσεις
541 3723 548 3737 .
564 3722 571 3736 .
587 3672 759 3751 ἐπινοήσας,
783 3670 868 3760 μέχοι
883 3671 933 3733 καὶ
949 3668 1093 3751 βασιλέως
1107 3668 1162 3737 τήν
1177 3667 1347 3754 τερατείαν,
1364 3659 1400 3732 δι’
1415 3664 1456 3732 ὧν

337 3776 435 3848 ἐδόκει
455 3793 595 3872 χρησμῶν
616 3784 762 3862 ἐκτελεῖν,
785 3771 989 3858 ἐπεδείκνυτο,
1011 3779 1107 3841 καὶ..
1128 3776 1272 3866 ἐπεγείρει
1288 3776 1369 3839 κατά
1383 3776 1456 3858 Χρι-

338 3905 464 3958 στιανῶν
483 3894 538 3958 τόν
558 3884 703 3981 δαίμονα,
728 3891 851 3954 καὶτὸν
871 3888 938 3952 θεόν
964 3878 1002 3960 δή
1023 3887 1162 3951 κελεῦσαί
1182 3908 1269 3972 φησιν
1289 3889 1457 3978 ὑπερορίους

336 4013 390 4079 τής
415 4004 531 4077 πόλεως
556 4004 607 4066 καὶ
631 4012 693 4064 τῶν
714 4001 791 4089 ἀμφὶ
809 4001 865 4070 τήν
885 3998 972 4062 πόλιν
995 4000 1095 4087 ἀγρῶν
1115 4002 1155 4071 ὡς
1175 3995 1211 4061 ἂν
1232 3994 1352 4086 ἐχθροὺς
1373 4001 1456 4079 αὐτῷ

336 4112 531 4202 Χριστιανοὺς
546 4111 701 4176 ἀπελάσαι.
730 4118 839 4175 Euseb.
855 4115 924 4174 hist.
941 4115 1010 4173 eccl.
1028 4114 1056 4184 9,
1074 4116 1102 4174 3.

399 4231 479 4289 Istae
506 4228 740 4288 consecrationes
766 4227 876 4284 fiebunt
901 4225 1037 4283 unctione
1057 4233 1086 4282 et
1106 4224 1265 4282 carminum
1287 4230 1408 4280 accentu
1428 4230 1457 4279 et

334 4342 539 4409 formularum,
560 4338 777 4406 vocabulorum,
799 4338 1023 4406 elementorum,
1044 4336 1193 4413 signorum
1212 4331 1391 4408 quomndam
1413 4331 1456 4388 in·

336 4452 504 4527 scriptione.
536 4448 613 4509 Saue
638 4448 755 4525 quidem
779 4448 895 4524 proprie
916 4446 1047 4505 oomeudi
1068 4464 1169 4513 causa,
1197 4439 1236 4499 ut'
1254 4461 1308 4499 sua
1326 4440 1456 4517 ipsorum
1485 4528 1488 4533 ι

336 4580 467 4638 corpora,
484 4558 526 4619 ita
540 4559 627 4618 etiam
643 4566 754 4618 statuas
769 4558 887 4617 deorum
902 4557 1002 4633 populi
1014 4554 1126 4630 antiqui
1139 4554 1202 4611 oleo
1218 4559 1256 4624 et,
1271 4551 1411 4629 unguenti
1425 4551 1456 4606 in

1220 4660 1252 4715 14
