3592 5400
779 627 887 672 neren.
1037 594 1039 596 ’
1277 609 1318 669 45

348 817 431 884 ἄλλο
454 844 486 883 τι
505 822 570 883 τῶν
589 819 687 883 αὑτοῦ
697 867 706 897 ,
726 815 811 882 α’λλὰ
828 823 873 902 τῷ
892 816 971 882 αὐτὸ
992 822 1158 882 κινεῖσθαι
1177 819 1319 901 πρῶτον·

350 962 405 1023 καί
438 962 525 1023 τοῦτ’
558 957 626 1023 ἔστι
660 965 739 1022 καθ’
769 958 848 1022 αὐτὸ
873 961 1006 1042 κινητόν
1023 1004 1129 1020 .....
1155 957 1218 1023 sive
1240 963 1319 1020 καθ’

350 1099 429 1163 αὐτὸ
462 1100 605 1184 πρῶτον,
640 1092 709 1163 οἷον
741 1100 760 1160 o‘
787 1099 895 1183 ἰατρὸς
921 1099 1022 1161 ι’ἇται.
1047 1096 1248 1185 Philosophus
1272 1098 1325 1161 vass

349 1240 408 1304 rias
432 1239 562 1305 rationes
586 1243 739 1318 κινήσεως
762 1259 858 1303 rernm
881 1236 1020 1325 indagat:
1044 1259 1113 1302 nam
1134 1238 1241 1321 ι’ᾶιρος
1256 1257 1320 1302 ne.

348 1374 483 1442 ἅλλεται
522 1379 605 1441 κατὰ
642 1378 841 1463 συμβεβηκός
873 1377 925 1442 sed
958 1378 1065 1460 ι’ἇτρος
1098 1378 1187 1440 ι’ὅιται
1224 1374 1320 1449 αὐτὸς

349 1523 430 1580 καθ’
467 1516 579 1595 αὑτὸν,
614 1517 646 1581 in
676 1516 729 1581 illo
760 1524 805 1582 est
834 1514 1017 1602 μεταβολή,
1048 1516 1080 1580 in
1103 1514 1161 1581 hoo
1183 1538 1244 1581 non
1267 1520 1320 1580 est.

348 1655 434 1728 Quae
464 1678 551 1741 quam
583 1655 658 1721 mele
688 1655 870 1721 intellexerit
900 1654 1097 1743 biographus,
1127 1655 1179 1721 vix
1202 1676 1320 1719 monere

351 1816 472 1860 neeesse
502 1801 554 1860 est.
585 1795 665 1860 Nam
688 1794 797 1882 triplex
819 1794 872 1860 illa
895 1795 1042 1878 κίνησις,
1064 1817 1153 1880 qnam
1176 1793 1322 1859 hocloco

350 1933 530 2000 Aristoteles
553 1939 700 2012 recenset,
725 1935 759 1998 ἐν
786 1940 854 2009 τοῖς
879 1934 1060 2015 ἐνκοομίοις
1080 1956 1144 1999 esse
1163 1933 1243 2011 vult,
1267 1931 1323 1997 snb

350 2073 421 2140 libri
443 2073 532 2140 finem
556 2073 674 2140 demum
699 2074 796 2161 pergit
819 2073 856 2138 ad
879 2099 911 2137 τι
935 2074 1162 2159 ὑπερκόομιον.

394 2351 471 2417 Ibid.
503 2351 571 2417 Irin.
605 2355 645 2417 13
676 2357 706 2418 et
730 2375 809 2438 seqq.
832 2350 867 2416 ἓν
893 2357 937 2435 τῷ
962 2350 1068 2435 ὀγδόῳ
1093 2358 1148 2432 τῆς
1171 2356 1319 2434 φυσικῆς.

349 2515 381 2554 κ.
419 2515 448 2554 τ.
482 2494 507 2553 ἑ.
545 2489 606 2556 Οίι.
635 2492 762 2556 Aristot.
792 2490 912 2575 Physic.
943 2492 1063 2556 heroas.
1094 2491 1187 2555 VIII.
1220 2495 1248 2556 5.
1271 2491 1321 2555 fin.

349 2634 492 2716 φανερὸν
524 2630 638 2695 τοίνυν
670 2632 705 2693 ἐκ
737 2635 860 2695 τοιίτιον
884 2631 936 2693 ὅτι
961 2629 1028 2694 ἔστι
1053 2630 1089 2694 τὸ
1112 2633 1245 2716 πρώτως
1270 2655 1322 2693 κι-

351 2779 430 2837 νοῦν
461 2746 633 2853 οἷκίνητον·
666 2769 695 2834 εί
725 2795 757 2835 τε
782 2772 842 2854 γὰρ
867 2768 966 2844 εὐθύς
989 2771 1120 2834 ἵσταται
1148 2770 1184 2834 τὸ
1209 2774 1321 2835 κινου-

349 2933 462 2992 μενον,
497 2909 559 2971 ὑπό
595 2933 683 2983 τινος
715 2906 750 2973 δὲ
781 2914 987 2992 κινοιίμενον,
1022 2911 1066 2985 εἷς
1095 2908 1252 2993 ἀκίνητον
1286 2913 1321 2972 τὸ

351 3051 495 3134 πρῶτον,
520 3047 549 3112 εί
573 3073 605 3112 τε
631 3050 675 3123 εἷς
700 3053 892 3131 κινοιίμενον
916 3051 989 3132 μὲν,
1012 3047 1092 3113 αὐτὸ
1117 3047 1146 3112 δ’
1171 3049 1249 3112 αὑτὸ
1270 3073 1321 3111 κι-

350 3189 429 3253 νοῦν
466 3189 520 3250 καὶ
554 3187 660 3266 ἱστὰν,
694 3186 881 3273 ἀμφοτέρως
917 3189 1089 3275 συμβαίνει
1122 3189 1157 3251 τὸ
1188 3190 1322 3273 πρώτως

353 3334 467 3395 κινοῦν
500 3328 534 3392 ἔν
565 3328 689 3393 ἅπασιν
715 3318 800 3392 εἶναι
826 3333 893 3402 τοῖς
918 3326 1124 3410 κινουμένοις
1149 3326 1319 3410 ἀκίνητον.

396 3604 473 3670 Ibid.
503 3605 571 3671 Lin.
598 3609 639 3670 14
661 3610 691 3671 et
713 3627 793 3690 seqq.
818 3604 917 3672 αυτοῦ
941 3603 975 3668 δὲ
1002 3605 1117 3690 εὕρεμα
1141 3607 1195 3667 καί
1221 3602 1321 3701 η’λο-

350 3749 425 3826 μικὴ
462 3746 519 3819 τὰς
556 3742 803 3832 συλλομιστικὰς
834 3742 995 3827 μεθόδους
1024 3749 1089 3809 τῶν
1122 3748 1320 3829 πραγμάτων

353 3884 418 3948 οἰπο
435 3930 616 3947 ........
658 3908 767 3958 αντος.
804 3883 905 3973 (Hane
938 3884 1175 3950 terminationem
1209 3884 1323 3950 indicat

351 4024 520 4111 compendii
555 4023 674 4109 signum
708 4023 787 4108 qnod
822 4022 942 4089 exhibet
974 4024 1053 4110 MS.)
1088 4022 1321 4089 Pseudo-Amm.

353 4172 393 4248 τῇ
414 4166 474 4246 μὲν
499 4165 560 4248 μὰρ
585 4161 701 4247 λογικῇ
724 4160 906 4248 προσέθηκε
928 4161 1099 4249 διακρίνας
1123 4164 1197 4237 τούς
1221 4150 1322 4228 κανό-

353 4328 413 4378 νας
437 4302 501 4366 dut
526 4306 591 4369 τῶν
617 4308 815 4387 πραγμάτων
840 4304 895 4366 καί
920 4308 1056 4383 ποιήσας
1080 4306 1139 4382 τὴν
1164 4298 1322 4365 οἷποδεικ-

355 4448 449 4525 τικὴν
473 4441 618 4526 μέθοδον
645 4443 689 4527 (οἱ
712 4444 773 4528 γὰρ
794 4440 895 4507 πάλαι
916 4440 1087 4516 ἀποδεῖξαι
1106 4444 1166 4524 μὲν
1185 4438 1319 4521 ᾔδεσαν,
