3592 5400
699 556 903 603 curcumitu!
925 557 1087 603 nuruum.

503 708 554 769 καὶ
567 696 640 771 τάδε
654 729 701 770 σοι
715 696 840 794 δρᾶσαι1
854 706 933 769 πολὺ
948 704 1096 794 σιμῳέρον
1112 702 1287 793 εὐμενίησιί,

429 825 479 882 45.
503 815 669 904 λισσομένῳ
685 815 779 890 Ζηνὸς
792 806 989 903 ποινδεμιιεός3
1005 813 1130 904 ἄφθιτον
1144 815 1238 903 ὄμμα,

504 929 538 990 ἐκ
554 917 588 989 δὲ
601 926 716 1013 πάτρης
729 930 846 989 στεῖλαι
859 927 946 1015 γαίης
962 916 1134 1007 βασιληίδος
1150 924 1243 988 οἰστυ4

504 1029 633 1116 ἐξεσίην,
648 1035 835 1124 παρέχοντα5
850 1037 963 1107 κλοπὴν
977 1024 1141 1124 πρεσβηίδα
1155 1036 1260 1099 πίστιν.

875 1198 904 1254 8.

399 1299 530 1364 Ἀλλοτε
552 1298 729 1387 λυπουμένῳ
744 1308 789 1379 τῷ
805 1297 936 1380 Ποπλᾷ6
958 1303 997 1372 ὡς
1016 1301 1068 1361 καὶ
1086 1307 1149 1361 τῶν
1166 1296 1354 1388 πραγμάτων
1369 1298 1452 1362 ίναν-

338 1412 497 1500 τιουμένῳν
518 1413 601 1491 αὐτῷ
622 1410 742 1482 καὶτῆς
762 1410 864 1484 οὐσίας
884 1408 1059 1498 μειουμένης
1078 1410 1130 1471 καὶ
1147 1419 1202 1471 τοῦ
1218 1409 1375 1498 σώματος7
1397 1412 1452 1471 οὐκ

339 1515 368 1584 εὖ
388 1528 522 1609 ἔχοντος,
544 1521 597 1582 καὶ
617 1516 722 1607 μαθεῖν
743 1511 896 1600 ζητοῦντι,
918 1517 986 1608 παρ’
1006 1513 1041 1582 οὗ
1061 1519 1115 1582 ἂν8
1137 1508 1276 1591 δυνηθείη
1297 1518 1452 1602 βοηθείας9

338 1643 447 1720 ιυχεῖν,
464 1637 584 1719 ἔχρησεν
600 1629 707 1702 οὕτως·

539 1738 663 1804 ἱλίισηου
679 1737 772 1814 Ζηνὸς
786 1729 965 1830 βιοδώτορος
980 1741 1095 1829 ἀγλαὸν
1101 1742 1126 1780 ¹⁰
1141 1739 1232 1829 ὄμμα.

879 1900 908 1957 9.

398 2002 592 2091 Στρατονίκῳ
598 2003 623 2042 ¹¹
636 2004 693 2066 τινὶ
705 2002 774 2091 ὄναρ
781 2002 805 2041 ¹²
819 1991 912 2065 ίδίντι
928 2004 994 2091 περὶ
1008 2012 1070 2065 τῶν
1084 2012 1137 2077 τῆς
1156 1992 1231 2076 ἰδίοις
1246 1995 1324 2079 ζωῆς
1336 2003 1452 2085 saeve,

338 2117 386 2178 καὶ
400 2112 575 2203 πυθομένῳ,
591 2118 616 2176 εἰ
631 2113 686 2201 χρὴ
700 2123 869 2194 πιστεῦσαι,
886 2113 981 2188 οὕτως
996 2116 1123 2176 ἀνεῖλεν·

483 2223 573 2287 εἰσέτι
580 2223 605 2261 ¹⁴
619 2246 664 2287 σοι
680 2212 797 2311 δολιχὸς
812 2221 933 2312 νέμεται
948 2223 1061 2311 χμίνος·
1078 2224 1159 2287 ἀλλὰ
1173 2215 1300 2308 σεβίζου

412 2342 461 2401 50.
485 2323 639 2411 ζωοδίτου
655 2333 723 2408 Διὸς
738 2333 822 2421 ὄμμα
838 2331 1010 2409 θυηπολίαις
1025 2337 1176 2425 ἀγανῇσιν,

871 2494 919 2551 10.

401 2594 441 2661 'O
455 2595 587 2686 Σάραπις
593 2597 616 2636 ¹⁵
632 2606 675 2678 τῷ
690 2596 756 2685 περὶ
771 2596 874 2684 σοφίας
889 2595 1071 2684 ipen-iocoue
1087 2595 1181 2670 οὕτως
1196 2596 1383 2686 ἀπεκρίνατο·

475 2708 562 2772 ὅσσον
577 2696 731 2772 ἑέλδονται
745 2717 853 2795 χρυσοῦ
868 2706 1080 2794 πυλυτιμέος16
1095 2696 1208 2796 ἄνδρες,

462 2817 569 2882 τόσσον
585 2817 798 2907 μαντοοίνηςῑί
812 2815 928 2893 ποθέεις
941 2816 1036 2892 τέλος.
1051 2817 1132 2880 ἀλλὰ
1146 2807 1211 2881 τόδ’
1225 2814 1294 2881 ἴσθι·

405 2972 413 3003 ¹
434 2988 461 3021 σε
479 2966 566 3039 δράσαι
583 2969 614 3021 Β.

403 3054 416 3125 .’.
433 3055 474 3107 Ab
492 3054 615 3125 συμφέρον
633 3053 713 3106 dativi
729 3070 858 3124 personae
875 3060 902 3109 ct
918 3055 955 3109 rei
967 3056 1092 3126 pendent:
1110 3055 1159 3108 tibi
1169 3055 1276 3126 prodest
1286 3056 1319 3108 ad
1330 3056 1455 3127 principis

337 3142 449 3210 gratiam
467 3139 641 3209 (parandam).
947 3141 958 3174 ³
977 3141 1127 3210 πανδοριιέυς
1145 3140 1175 3193 Β.

404 3225 416 3258 ⁴
435 3224 560 3293 βασιλίδος
577 3224 608 3278 B.
643 3220 722 3275 ’.λστυ
740 3241 794 3279 aco.
812 3226 876 3280 loci:
895 3226 928 3277 ad
945 3227 1050 3291 urbem,
1072 3227 1100 3278 in
1118 3241 1170 3294 que
1187 3225 1327 3298 imperator
1344 3224 1453 3281 habitat.

404 3310 416 3342 ⁵
434 3310 482 3362 Pro
501 3309 634 3381 παρέχοντι
650 3326 695 3379 per
707 3308 901 3363 anacoluthiam
917 3309 1116 3362 usitatissimam
1134 3325 1188 3363 acc.
1208 3327 1267 3363 cum
1284 3310 1330 3364 ini.
1348 3310 1455 3363 coniun-

336 3395 414 3465 gitur.
449 3393 635 3464 Βυπέρχοντα.

404 3479 416 3512 ⁶
434 3478 525 3530 πέπλου
542 3480 573 3543 Β,
592 3478 683 3549 Πόπλᾳ
699 3479 729 3533 L.
942 3478 952 3512 ¹
971 3482 1014 3530 τοῦ
1033 3477 1148 3547 σώματος
1166 3495 1218 3533 om.
1237 3478 1267 3532 B.

405 3565 416 3599 ¹
434 3564 462 3615 ἂν
481 3581 532 3618 om.
551 3563 580 3616 L.
598 3563 652 3634 cepi
670 3556 704 3616 ὧν
723 3564 751 3616 ἂν
762 3564 794 3619 B.
807 3564 964 3617 Particulanr
983 3560 1011 3614 ἄν
1028 3563 1074 3615 ille
1091 3569 1187 3629 aetate,
1206 3580 1258 3633 qua
1271 3580 1304 3616 ne
1318 3565 1455 3634 potentiali

337 3649 443 3720 quidem
461 3650 575 3720 optativo
598 3650 792 3719 postulabatur,
814 3649 935 3703 librarius
959 3648 1052 3701 addere
1073 3648 1118 3700 uix
1140 3650 1237 3719 potuit,
1260 3649 1311 3702 nisi
1331 3650 1454 3719 scriptam

336 3735 479 3788 invenerat.

405 3820 418 3855 ⁹
435 3816 545 3887 βοήθειαν
562 3817 591 3873 L.
920 3820 944 3854 ¹⁰
961 3817 1024 3889 ἱερὸν
1041 3836 1088 3890 pro
1106 3816 1199 3888 ἀγλοίον
1217 3819 1247 3872 Β.

407 3905 428 3938 ¹¹
447 3903 550 3957 Nomen
566 3903 637 3955 hand
654 3920 750 3957 rarum.
919 3905 942 3938 ¹¹
961 3899 1041 3973 ὄνειρα
1058 3903 1089 3956 Β.

404 3988 429 4021 ¹³
447 3988 559 4058 περὶτῆς
578 3985 639 4048 ἰδίας
656 3989 721 4054 ζωῆς
736 3988 767 4042 B.
921 3988 946 4022 ¹⁴
964 3988 1008 4041 Sic
1025 3988 1141 4042 Piocolos
1159 3988 1226 4042 coni.
1242 4006 1289 4060 pro
1308 3982 1339 4050 εἷς
1357 3986 1399 4042 ἔτι.

405 4073 430 4107 ¹⁸
446 4073 516 4126 Haeo
533 4073 620 4125 forma
637 4077 663 4125 et
679 4072 749 4143 apud
767 4073 905 4143 scriptores
924 4074 993 4126 etin
1010 4073 1223 4143 inscriptionibus
1239 4074 1399 4145 frequentior
1416 4080 1456 4127 ost

338 4174 417 4229 quam
436 4157 549 4227 Serapis.
583 4157 615 4209 In
632 4156 709 4210 huius
728 4158 768 4209 dei
786 4159 882 4227 templo
900 4158 1075 4211 Alexandrino
1093 4158 1279 4228 imperatorum
1296 4165 1380 4213 aetate
1399 4177 1454 4211 ora-

337 4245 396 4295 cula
414 4244 492 4296 etiam
509 4243 596 4295 verbis
614 4248 737 4312 concepta
755 4242 890 4296 dabantur.
927 4243 965 4295 ef.
984 4260 1077 4296 comni.
1099 4260 1174 4295 nicae
1196 4243 1227 4295 de
1249 4244 1345 4299 noviss.
1370 4261 1453 4298 oracc.

336 4333 421 4381 aetate
439 4345 464 4397 p.
479 4327 584 4379 14-16.
611 4327 698 4378 Potuit
714 4328 794 4397 igitur
812 4326 875 4380 haec
887 4328 1035 4380 vaticinatio
1054 4330 1169 4397 genuina
1187 4345 1256 4393 esse,
1273 4329 1359 4396 potnit
1376 4330 1454 4381 etiam

336 4412 403 4481 fingi
421 4428 437 4464 a
453 4410 615 4481 philosopho.
650 4410 737 4462 Edidit
754 4411 880 4464 Stenchns
899 4411 977 4477 3,17.

407 4497 430 4530 ¹⁶
448 4495 588 4565 Πυλυιιμής
605 4512 674 4548 nova
690 4495 774 4548 forma
792 4501 831 4548 est
847 4514 894 4566 pro
912 4497 1090 4566 πολυτίμητος,
1108 4496 1251 4566 πολίτιμος.

407 4581 429 4613 ¹¹
449 4581 601 4649 petricorium
618 4579 649 4635 Β.
