3592 5400
343 641 397 686 XlV
718 642 949 689 PROLPGOMENA.

341 835 442 901 tikem
471 834 656 915 bekannten,
694 835 744 923 (οὐ
780 835 911 923 πολλοὶ)
947 837 1081 923 wenigen
1114 835 1234 902 Biicher
1266 834 1318 900 des

341 974 468 1040 Aristot.
499 974 562 1040 und
593 973 741 1062 Theophr.
772 975 904 1063 hcuogen
936 976 1051 1042 werden
1084 975 1175 1042 kann.
1185 1025 1201 1052 ,,
1236 975 1315 1040 'Pom

341 1113 373 1177 in
404 1119 475 1180 nota
505 1114 542 1179 ad
572 1113 601 1178 h.
633 1114 653 1180 l.
686 1113 782 1180 bonus
812 1120 915 1180 noster
938 1114 1029 1181 Stahr
1052 1114 1155 1179 addit:
1178 1115 1242 1178 “In
1266 1114 1317 1178 der

341 1252 421 1318 'Phat
454 1255 539 1318 weiss
572 1252 622 1319 ich
656 1252 720 1318 hier
753 1254 809 1319 den
840 1253 984 1320 Plutarch
1019 1254 1108 1319 haum
1141 1254 1247 1320 andero
1279 1277 1316 1318 zu

340 1391 546 1479 vertheidigen
569 1392 632 1458 und
654 1416 712 1458 uns
735 1416 774 1458 zu
793 1393 908 1471 hellen,
927 1393 972 1460 als
992 1393 1060 1458 dass
1080 1392 1130 1459 ich
1151 1392 1317 1458 dieWorte

342 1553 400 1597 von
424 1529 479 1595 ded
503 1532 538 1595 τὸ
563 1532 619 1597 τὸν
644 1530 784 1616 Νηλέως
812 1532 859 1598 bis
881 1530 1130 1618 παραγενέσθαι
1153 1532 1205 1598 fiir
1230 1532 1317 1596 einen

340 1675 477 1758 spdteren
500 1672 608 1737 Zusata
634 1672 779 1750 ethlom„

387 1809 471 1875 Haec
508 1811 608 1876 omnia
645 1811 722 1877 levia
755 1817 827 1877 sunt
860 1833 895 1877 ac
929 1810 1143 1899 propemodum
1178 1809 1314 1876 ridicula.

341 1950 420 2014 Nam
443 1951 539 2037 primo
562 1950 687 2027 obtutu,
712 1952 737 2016 si
760 1951 829 2038 quis
850 1949 909 2016 hoc
931 1957 1013 2037 aget,
1037 1949 1192 2016 Plutarchi
1215 1950 1316 2015 locum

341 2094 513 2178 corruptum
545 2096 575 2157 et
606 2091 777 2157 mutilatum
801 2114 864 2157 esse
888 2089 1009 2156 videbit.
1041 2090 1124 2163 Quid
1155 2089 1317 2164 exciderit,

339 2229 403 2317 ipsa
419 2229 572 2296 indicante
594 2230 652 2296 loci
676 2232 838 2308 sententia,
857 2253 919 2296 non
941 2235 988 2296 est
1011 2229 1171 2296 admodum
1195 2229 1317 2296 difficile

340 2371 475 2457 reperire.
507 2369 687 2437 Plutarchus
710 2371 743 2436 in
765 2370 847 2436 hunc
869 2371 930 2436 fere
952 2369 1074 2435 modum
1095 2369 1250 2456 scripsisse
1273 2370 1316 2433 vi·

341 2508 442 2574 detur:
474 2514 539 2575 τῶν
572 2508 607 2574 δὲ
632 2508 883 2595 Ἀριστοτέλους
908 2511 963 2573 καί
989 2510 1197 2594 Θεοφράστου
1221 2530 1267 2572 σν
1276 2532 1316 2585 γ-

341 2653 597 2733 γραμμάτων
632 2650 705 2737 (non
737 2650 948 2737 γραμμάτων)
981 2649 1054 2715 οὔτε
1086 2646 1222 2723 πολλοῖς
1246 2649 1314 2712 οὔτ’

340 2786 483 2874 ἀκριβῶς
517 2787 765 2876 (γεγραμμένοις
795 2787 953 2877 βιβλίοις)
986 2790 1236 2875 ἐντετυχηκότες
1260 2786 1316 2851 διὰ

340 2928 376 2991 τὸ
398 2932 455 2993 τὸν
477 2926 617 3013 Νηλέως
638 2938 692 2996 τοῦ
712 2930 870 3015 Σκηψίου
895 2927 1039 3014 κλῆρον
1062 2929 1135 3017 (uon
1159 2926 1316 3013 κληρόνο-

339 3067 430 3157 μον),
455 3093 480 3153 ῳ
504 3070 545 3131 τὰ
569 3066 685 3155 βιβλία
705 3066 861 3134 κατέλιπε
883 3070 1105 3154 Θεόφραστος,
1129 3069 1174 3144 εἷς
1197 3066 1316 3152 ἄφιλο-

340 3208 454 3291 τίμους
494 3208 550 3270 καί
594 3204 728 3283 ἰδιώτας
763 3207 964 3293 ἀνθρώπους
999 3205 1316 3293 περιγενέσθαι

342 3347 415 3436 (non
438 3345 712 3437 παραγενέσθαι).
737 3347 919 3414 Plutarchus
942 3356 1043 3414 narrat
1062 3353 1174 3414 veteres
1193 3346 1316 3434 Peripa-

339 3490 448 3554 teticos
471 3487 615 3555 librorum
645 3489 820 3554 Aristotelis
850 3493 881 3554 et
905 3487 1103 3576 Theophrasti
1122 3508 1228 3573 pauco
1250 3494 1316 3551 tan·

339 3635 404 3695 tum
435 3629 614 3717 exemplaria
644 3652 738 3717 oeque
769 3652 806 3694 ee
835 3628 998 3712 dilipenter
1028 3629 1182 3713 descripte
1212 3630 1316 3691 nactos

340 3792 418 3848 esse,
447 3770 539 3855 idque
568 3772 682 3836 lactum
711 3793 775 3836 esse
804 3770 922 3836 incuria
945 3768 1100 3836 hominum
1123 3766 1315 3833 indoctorum

340 3910 377 3975 ad
411 3932 487 3997 quos
521 3933 555 3976 ea
588 3910 736 3977 hereditas
768 3911 944 3978 devenisset.
976 3909 1108 3977 Tabulae
1142 3907 1315 3975 testamenti

340 4049 555 4142 Theophrastei
578 4057 698 4119 exstant
720 4052 799 4141 apud
826 4052 995 4141 Diogenem
1015 4050 1170 4117 Laertium
1195 4049 1232 4117 V.
1257 4053 1316 4116 51:

340 4193 377 4259 de
399 4191 484 4258 libris
507 4193 570 4259 suis
602 4194 675 4280 quid
705 4195 843 4260 statuerit
872 4195 1022 4283 legitur§
1047 4193 1166 4261 52:10¹
1191 4190 1225 4255 δὲ
1252 4218 1315 4277 χω-

341 4334 411 4417 ρίον
430 4337 466 4398 τὸ
485 4335 520 4399 ἐν
538 4337 735 4421 Σταγείροις
753 4342 830 4419 ἡμῖν
847 4336 994 4422 ὑπάρχον
1009 4333 1124 4418 δίδωμι
1137 4331 1313 4416 Καλλίνῳ,

341 4478 390 4538 τὰ
423 4474 465 4540 δὲ
496 4477 651 4565 βιβλία
679 4485 817 4544 πάντα
849 4476 998 4562 Νηλεῖ.
