3592 5400
709 515 914 558 onscttonru
935 516 1097 559 arcannm.
1402 501 1462 566 231
1525 550 1528 559 .

348 664 454 727 τούτου
474 663 570 734 cirria
591 660 802 727 &amiciebat
823 664 879 735 τὴν
900 652 1109 752 διακόσμησιν,
1133 668 1182 729 ola
1200 667 1237 729 τὸ
1256 667 1399 756 πρότερον
1418 664 1462 740 ἦν.

346 779 509 840 Adirereis
522 779 612 858 igitur
624 780 791 840 aumonbus
805 781 862 839 dno
877 781 995 839 oracula
1008 781 1139 858 prolecta
1154 790 1232 841 sunt.

404 890 500 950 Primi
521 890 629 949 oraculi
649 899 711 950 tres
732 891 848 951 ultimos
863 911 965 952 versus
980 891 1153 951 Lactantius
1171 892 1258 953 affert
1272 895 1341 955 inst.
1358 896 1414 957 div.
1435 902 1462 970 1,

346 1005 372 1074 t,
391 1006 424 1061 l:
443 1000 601 1078 „Apolto..
621 999 828 1078 Colophone
846 1004 1060 1080 respondens..
1081 1005 1231 1079 quaerenti
1248 1006 1375 1078 cuidam,
1396 1008 1461 1084 quis

344 1120 432 1182 esset,
449 1118 499 1170 ant
514 1112 583 1187 qnid
598 1120 678 1172 esset
692 1113 808 1171 omnino
822 1114 909 1184 deus,
930 1114 1079 1191 respondit
1094 1114 1226 1192 viginti
1241 1125 1356 1175 etune
1372 1120 1462 1178 versi·

343 1227 410 1293 bus,
428 1242 550 1300 quornm
561 1224 615 1280 boc
625 1224 843 1301 principium
858 1221 933 1283 est.“
961 1228 1000 1284 At
1011 1246 1037 1283 v.
1055 1228 1091 1284 14
1107 1227 1144 1284 ab
1158 1228 1267 1285 exordii
1279 1230 1391 1286 ratione
1403 1238 1462 1286 tam

343 1333 455 1392 alienus
471 1341 525 1403 est,
541 1352 628 1409 quam
643 1341 742 1411 aptum
758 1334 906 1392 exordium
922 1354 1021 1394 versus
1037 1346 1136 1394 noster
1149 1337 1260 1413 primus
1276 1348 1330 1398 est.
1362 1340 1461 1414 Quare

342 1443 419 1521 apud
431 1441 617 1501 Laetantium
628 1463 686 1503 non
697 1444 883 1521 principium,
900 1446 951 1504 sed
966 1447 1196 1523 praecipuum
1209 1448 1323 1507 videtur
1334 1450 1461 1508 scriben-

342 1553 410 1611 dnm
426 1571 507 1625 esse3
522 1571 664 1612 summam
679 1564 756 1613 certe
771 1555 860 1613 totius
875 1556 984 1615 oraculi
1000 1566 1059 1616 tres
1075 1557 1169 1615 ultimi
1184 1578 1284 1617 verens
1300 1559 1458 1618 continent.

341 1666 417 1723 Ante
432 1662 486 1722 hos
501 1682 611 1735 versus,
627 1672 694 1742 post
708 1684 735 1722 r.
752 1667 798 1736 13,
814 1667 942 1742 quinque
953 1686 1054 1726 versus
1066 1669 1208 1728 excidisse
1219 1670 1353 1730 arbitror.
1375 1670 1460 1729 Nune

341 1774 421 1832 enim
435 1772 562 1833 sedecim
576 1775 660 1833 modo
676 1794 775 1834 versus
791 1784 956 1853 supersunt.

406 1882 507 1945 Codex
519 1885 734 1945 Laurentianus
751 1879 799 1964 (1.)
816 1886 846 1944 in
862 1887 908 1946 his
924 1887 1048 1947 oraculis
1064 1888 1167 1946 melior
1183 1897 1229 1948 est
1248 1908 1334 1965 quam
1350 1891 1460 1949 Borbo-

339 1997 423 2054 nicus
438 1987 503 2074 (B),
524 2002 554 2052 et
573 2012 636 2054 cum
657 1994 782 2056 Steucho
799 1990 868 2074 (St.)
888 1994 1058 2073 plerumque
1077 1999 1230 2056 consentit.
1266 1997 1385 2058 Steucbi
1401 2021 1459 2058 non

341 2124 442 2165 omnes
457 2105 596 2164 lectiones
611 2105 746 2178 afferam,
765 2106 817 2165 sed
830 2106 891 2164 fere
907 2126 957 2165 eas
973 2108 1070 2180 modo,
1091 2127 1164 2185 quas
1178 2109 1380 2185 interpretatio
1396 2111 1459 2169 eius

339 2217 451 2277 Latina
464 2216 630 2288 confirmat;
646 2237 714 2275 nam
729 2218 760 2274 in
774 2217 881 2276 litteris
897 2218 1019 2278 Graecis
1031 2219 1231 2279 incredibilem
1243 2221 1458 2296 typothetarum

341 2328 404 2386 eius
430 2327 521 2386 fuisse
548 2328 762 2406 neglegentiam
787 2348 817 2405 p.
841 2331 898 2388 107
932 2332 1080 2392 annotavi.
1126 2330 1210 2407 Quae
1242 2332 1273 2388 in
1309 2331 1456 2390 codicibus

339 2457 428 2515 prosa
442 2439 573 2496 oratione
588 2438 698 2515 scripta
712 2438 842 2499 versibus
857 2442 1049 2518 praecedunt,
1066 2440 1209 2502 Steuchus
1224 2441 1331 2500 Latine
1346 2449 1458 2500 tantum

341 2548 438 2607 tradit.
468 2549 558 2607 Plura
572 2550 609 2609 de
623 2549 751 2609 fontibus
765 2569 795 2626 p.
815 2552 872 2608 107
885 2569 930 2626 sq.
947 2551 1015 2610 dixi.

715 2780 773 2846 Ἐκ
794 2793 858 2858 τῆς
881 2782 1084 2873 donnoniae.

886 2929 912 2984 l.

402 3035 574 3125 Θεοφίλου1
593 3036 673 3112 τινὸς
693 3038 846 3127 rodoopu²
868 3039 1073 3128 ἐρωτήσαντος
1092 3040 1146 3105 τὸν
1166 3026 1355 3102 Ἀπόλλωνα·
1378 3038 1414 3102 σὺ
1433 3035 1461 3104 εἷ

337 3146 404 3224 θεὸς
419 3145 438 3219 ἢ
454 3145 560 3229 ἄλλος,
577 3153 698 3238 ἔχρησεν
713 3148 823 3224 οὕτως·

407 3353 416 3385 ¹
436 3348 592 3420 Theophilus
610 3350 753 3419 permultos
771 3351 904 3403 Fabricius
922 3352 985 3405 bibl.
1006 3351 1097 3405 Graec.
1116 3352 1174 3404 libr.
1193 3350 1208 3402 5
1227 3366 1283 3418 cap.
1305 3351 1327 3413 1,
1342 3348 1375 3409 20
1393 3351 1456 3418 leur·

337 3437 436 3489 Harles.
459 3442 521 3490 tom.
540 3434 555 3487 t
573 3452 598 3504 p.
620 3435 776 3503 tot-114)
800 3443 827 3489 et
848 3437 956 3489 l'ossius
986 3437 1016 3488 de
1043 3435 1103 3487 hist.
1128 3435 1220 3488 Graec.
1245 3440 1270 3485 et
1293 3435 1357 3485 eins⁴
1373 3434 1457 3486 editor

338 3523 554 3574 Westermannus
572 3537 597 3589 p.
616 3520 666 3571 505
683 3528 828 3574 recensent.
857 3521 928 3573 Idem
953 3520 1085 3573 Fabricius
1103 3519 1128 3582 3,
1147 3520 1187 3582 21,
1209 3519 1239 3571 10
1261 3518 1332 3586 (cur.
1356 3519 1455 3572 Harles.

337 3609 402 3661 toni.
421 3606 438 3657 4
456 3622 480 3674 p.
501 3604 565 3672 162>
582 3602 720 3673 Theophili
736 3606 768 3657 ad
786 3607 973 3659 Deucalionem
990 3606 1008 3657 f.
1026 3605 1195 3674 prognostica
1215 3619 1249 3656 ex
1272 3603 1415 3670 astrologia
1433 3608 1458 3653 ct

337 3690 476 3759 Theophili
485 3689 655 3741 Alexandrini
663 3689 881 3743 introductionem
889 3691 922 3742 ad
931 3690 1160 3759 apotelesmaticen
1169 3691 1362 3739 commemorat.
1375 3685 1458 3737 Theo-

336 3775 425 3847 philus
437 3772 615 3844 Lycophronis
627 3772 791 3827 Atheniensis
809 3781 934 3845 patronns
950 3776 1008 3827 fuit.
1035 3773 1187 3842 (Hyperides
1198 3772 1226 3824 in
1239 3776 1303 3823 orat.
1314 3787 1361 3839 pro
1375 3769 1457 3837 Lyco·

337 3861 437 3931 phrone
454 3876 537 3928 nuper
554 3864 656 3929 reperta
670 3860 749 3927 extr.)
775 3860 927 3929 Complures
944 3861 999 3911 eins
1012 3859 1131 3911 nomines
1143 3857 1261 3909 homines
1272 3856 1300 3907 in
1311 3854 1458 3924 inscriptio-

337 3946 416 3998 nibus
437 3945 594 4013 perretnstis
618 3943 696 4013 apl.
719 3944 799 4014 Spon.
821 3945 935 3999 itinerar.
957 3948 1024 4014 part.
1042 3943 1058 3994 2
1080 3960 1105 4013 p.
1125 3942 1170 3994 111
1188 3958 1227 4010 sq.
1252 3939 1291 3992 ed.
1311 3939 1398 3994 Germ.
1427 3938 1458 3991 In

336 4030 431 4082 Atticis
447 4029 600 4098 praesertim
617 4029 829 4097 inscriptionibus
846 4030 969 4098 frequens
982 4022 1027 4080 ¹est
1043 4043 1140 4079 nomen
1163 4026 1211 4094 (ef.
1235 4040 1304 4093 corp.
1322 4026 1399 4078 inser.
1417 4024 1456 4076 ed.

337 4112 453 4168 Boeekh.
471 4119 534 4166 tom.
555 4114 568 4165 l
586 4120 613 4167 et
629 4112 804 4166 Broenstedtii
821 4114 899 4166 inser.
917 4115 970 4165 Att.
988 4129 1029 4182 ap.
1047 4111 1154 4180 Ussing.
1174 4110 1218 4163 Gr.
1237 4125 1271 4177 og
1288 4108 1344 4161 Lat.
1356 4107 1456 4159 Indskr.

338 4202 348 4252 i
370 4197 553 4269 Kjobenharn.
582 4197 697 4267 Gopenh.
722 4198 788 4250 1854
811 4198 850 4252 ch.
869 4199 885 4249 4
907 4216 933 4267 p.
951 4197 1015 4261 22);
1044 4196 1174 4248 invenitur
1196 4201 1284 4246 tamen
1306 4209 1353 4261 per
1374 4197 1456 4243 totam

339 4284 479 4337 Graeciam
496 4283 541 4352 (el.
554 4300 624 4351 corp-
636 4284 714 4337 inscr.
734 4282 807 4346 1260,
828 4282 900 4347 1530,
918 4282 995 4346 2297,
1014 4282 1071 4333 add.
1084 4286 1146 4333 tom.
1159 4279 1175 4330 2
1191 4296 1217 4347 p.
1232 4275 1296 4329 1048
1314 4280 1340 4327 et
1356 4292 1381 4344 p.
1392 4273 1457 4326 1055

338 4374 365 4423 et
381 4385 408 4437 p.
427 4367 485 4432 969,
503 4366 666 4420 Chalcedone
683 4366 758 4431 3794,
776 4368 917 4419 Eumenius
934 4365 1014 4433 3895,
1035 4366 1064 4417 in
1080 4363 1229 4416 Palaestina
1245 4360 1320 4423 4594,
1336 4357 1412 4421 4596,
1429 4359 1457 4409 in

337 4454 460 4521 Aegypto
472 4450 548 4517 4838,
566 4452 666 4506 Romae
678 4450 753 4505 6694.
782 4450 941 4520 Theophilus
952 4449 1127 4519 praellpraet.
1140 4447 1189 4499 sub
1201 4443 1346 4497 Theodosio
1357 4443 1456 4495 maiore

339 4554 381 4609 ap.
398 4536 547 4607 Eunapium
568 4537 614 4591 rit.
638 4534 749 4590 Aedesii
768 4564 801 4574 -
824 4534 853 4589 Si
875 4532 909 4587 e'x
931 4533 971 4587 his
994 4533 1114 4588 omnibns
1137 4531 1159 4584 is
1182 4528 1317 4600 eligendus
1336 4533 1389 4593 est,
1411 4526 1457 4596 qui
