3592 5400
379 517 398 586 8
734 538 830 581 emur
844 539 865 583 1.
888 537 960 580 vna
973 537 1147 580 eoarnrnn.

343 760 344 763 γ
377 693 429 750 ille
444 692 542 750 rhetor
556 691 762 763 Atheniensis,
779 710 884 750 nomen
896 692 1039 751 Punicum
1051 691 1165 752 Graece
1178 685 1298 762 vertit¹,
1314 690 1497 768 Porphyrius

378 803 523 861 nominari
538 803 665 873 solebat,
688 802 765 861 haud
784 803 906 861 obscuro
921 794 1003 860 loco²
1023 821 1101 861 anno
1119 823 1150 879 p.
1163 801 1232 881 Chr.
1245 822 1274 859 n.
1296 801 1497 861 ducentesimo

377 914 524 997 tricesimo
537 913 663 973 secundo
679 920 765 973 natus
781 907 853 974 est³.
876 913 956 972 Puer
970 932 1146 990 quamquam
1161 912 1234 989 Tyri
1253 912 1420 982 habitabat,
1444 912 1498 969 ali·

377 1093 475 1146 latione
492 1111 519 1163 p.
533 1093 581 1146 156
598 1109 626 1158 a,
650 1099 676 1145 et
696 1093 764 1147 inter
787 1110 831 1147 eos
848 1087 902 1164 'qui
918 1094 1042 1147 adversus
1060 1091 1222 1146 Christianos
1239 1091 1403 1161 scripserint,
1420 1091 1498 1143 Bata-

377 1184 456 1232 neota
473 1178 618 1248 appellatur
635 1194 652 1229 a
670 1177 745 1232 Celso
764 1194 805 1248 ap.
824 1176 958 1247 chrysost.
976 1177 1099 1230 homiliae
1118 1178 1150 1230 ’in
1168 1177 1305 1246 epistolam
1328 1177 1361 1229 ad
1380 1175 1497 1230 Corinth.

377 1265 488 1334 primam
505 1268 595 1316 sextae
612 1281 637 1332 p.
651 1262 684 1315 58
702 1279 731 1327 a,
754 1263 781 1315 id
800 1263 868 1332 quod
886 1280 939 1315 non
960 1268 1048 1332 potest
1069 1279 1122 1316 non
1145 1260 1179 1314 ad
1197 1261 1308 1314 eundem
1324 1261 1499 1331 Porphyrium

377 1348 474 1402 referri.
509 1348 593 1401 Natus
609 1349 690 1417 igitur
707 1353 747 1400 est
757 1347 904 1412 Bataneae,
922 1347 1077 1400 ludaeorum
1088 1349 1146 1401 rico
1163 1364 1216 1400 non
1233 1348 1325 1416 procul
1341 1364 1357 1398 a
1371 1347 1499 1399 Caesarea

378 1435 436 1487 sito.
471 1434 530 1503 Ipse
549 1439 637 1485 tamen
654 1432 811 1502 Porphyrius
829 1449 966 1501 nunquam
983 1449 1012 1484 so
1029 1433 1082 1484 nisi
1095 1433 1203 1502 Tyrium
1221 1433 1341 1502 appellat
1377 1431 1498 1500 Disputa-

377 1525 439 1572 runt
447 1519 478 1570 de
490 1519 539 1571 hac
549 1519 702 1588 quaestione
711 1518 859 1570 Tillemont
868 1515 928 1570 hist
938 1516 984 1569 des
998 1534 1146 1586 empereurs
1155 1517 1231 1569 Rom.
1241 1516 1277 1570 IV
1293 1534 1318 1586 p.
1328 1516 1374 1581 29,
1394 1517 1440 1584 qui
1453 1521 1499 1568 aut

378 1605 465 1658 vicum
486 1605 560 1656 illum
584 1604 633 1655 sub
652 1603 790 1671 Tyriorum
811 1603 893 1655 fuisso
912 1603 1023 1670 ditione,
1047 1608 1093 1654 aut
1115 1609 1222 1672 gentem
1238 1601 1376 1671 Porphyrii
1392 1601 1499 1669 Tyriam

378 1690 460 1742 fuisse
482 1694 582 1753 censet,
604 1687 661 1744 Nic.
678 1688 747 1758 Aug.
765 1687 907 1757 Gundling.
926 1687 958 1740 de
973 1686 1067 1756 Porph
1084 1687 1228 1758 Bataneote
1249 1687 1278 1740 in
1297 1686 1498 1755 Gundlingianis

377 1779 444 1844 part.
455 1774 503 1827 XL
515 1778 542 1843 p.'
550 1773 601 1825 444
612 1790 669 1843 sqq.
693 1772 942 1827 Chamanene.
961 1789 1014 1825 cur.
1031 1771 1060 1824 P.
1078 1771 1161 1825 dictus
1180 1773 1215 1825 sit
1230 1771 1388 1836 Bataneota‚
1411 1788 1454 1841 ep.
1471 1771 1499 1823 in

378 1860 477 1928 poecile
500 1857 590 1923 tonnss
607 1874 633 1926 p.
642 1857 676 1910 46
685 1874 758 1927 sqq,
782 1858 828 1911 alii
850 1858 933 1912 aliter.
968 1857 1027 1926 llgo
1044 1852 1098 1909 non'
1120 1856 1222 1922 dubito,
1244 1857 1309 1926 quin
1330 1861 1405 1926 patre
1421 1856 1500 1924 Tyrio

378 1961 442 1997 usus
460 1944 505 2008 sit;
524 1949 593 1996 certe
611 1942 673 2012 Tyri
689 1941 861 2012 Porphyrius,
879 1942 993 1995 fortasse
1009 1942 1063 1994 iam
1081 1957 1098 1992 a
1108 1958 1203 2011 puero,
1221 1940 1370 2006 habitabat,
1387 1956 1451 1993 nam
1468 1957 1499 1992 eo

378 2029 516 2098 Longinus
532 2028 632 2081 litteras
650 2027 683 2080 ad
700 2044 761 2080 eum
779 2026 848 2080 dedit
867 2026 972 2097 (Porph.
985 2027 1030 2079 rit.
1042 2027 1109 2080 Plot.
1121 2043 1178 2095 cap.
1190 2026 1241 2094 195.

448 2117 457 2148 ¹
476 2114 577 2183 Eunap.
594 2113 640 2166 rit.
651 2112 745 2182 Porph.
765 2112 805 2167 ed.
818 2112 973 2165 Boissonad.
992 2111 1123 2164 secundae
1141 2111 1234 2180 (Paris.
1249 2110 1322 2165 1849.
1334 2111 1376 2163 ch.
1388 2111 1413 2164 8.
1425 2111 1499 2179 mai.)

379 2200 472 2270 plot.
486 2199 515 2250 8:
534 2197 673 2267 Πορφύριον
692 2195 719 2248 δὲ
736 2195 811 2246 αὐτον
830 2195 946 2265 ὠνόμασε
962 2197 1097 2265 Λογγῖνος,
1115 2194 1138 2255 ές
1156 2195 1185 2246 rb
1205 2194 1331 2263 βασιλικὸν
1343 2198 1386 2261 τῆς
1400 2193 1499 2261 tollito<

380 2281 526 2354 παράσημον
544 2281 587 2347 τὴν
604 2268 771 2351 προσηγορίαν
784 2277 932 2349 ἀποτρέψας.
961 2281 1046 2334 Antea
1058 2280 1166 2332 Βασιλέα
1183 2297 1244 2334 eum
1255 2280 1387 2345 Amelius,
1404 2280 1501 2333 Plotini

379 2369 534 2438 discipulus,
557 2371 618 2436 post
640 2382 751 2435 eumque
768 2365 905 2434 Longinus
922 2365 1136 2420 denominaverat
1153 2367 1210 2435 trit
1221 2366 1288 2420 Plot.
1301 2365 1410 2435 capll.
1432 2365 1499 2418 Lon-

380 2455 434 2523 gin.
454 2471 480 2504 π,
499 2451 586 2511 τέλους
603 2451 634 2504 fr.
644 2451 668 2505 5.
683 2450 744 2519 58).

448 2538 459 2572 ²
475 2538 576 2606 Eunap.
588 2537 634 2590 vit.
645 2535 739 2605 Porph.
751 2536 822 2590 inita
838 2535 879 2588 καλ
897 2536 997 2607 πατέρες
1016 2535 1043 2588 δὲ
1060 2535 1106 2588 οὐκ
1124 2533 1223 2606 ἄσημοι.

447 2624 462 2658 ³*
475 2622 569 2693 Porph.
582 2623 627 2675 vit.
638 2621 704 2674 Plot.
717 2622 812 2691 cap.4:
831 2625 867 2691 τῷ
887 2619 983 2692 δεκάτῳ
1001 2620 1028 2674 δέ
1046 2617 1092 2672 ἔτει
1109 2624 1152 2688 τῆς
1168 2620 1289 2685 Γαλιηνοῦ
1308 2619 1432 2688 βασιλείας
1449 2618 1500 2689 ἐγὼ

379 2710 518 2779 Πορφύριος
536 2707 562 2761 έκ
579 2711 622 2774 τῆς
640 2704 763 2767 Ἑλλάδος
781 2747 803 2759 ..
821 2708 956 2778 (Romam)
974 2706 1084 2777 γεγονὼς
1102 2704 1287 2777 καταλαμβάνω
1305 2705 1349 2776 μὲν
1366 2706 1410 2758 τδν
1427 2690 1507 2776 ‘apt'

379 2795 441 2863 lter,
465 2789 677 2845 ὀκτωκαιδέκατον
701 2789 753 2852 ἔτος
766 2790 866 2862 Ιἔχοντα
888 2796 931 2859 τῆς
954 2792 1015 2862 πρὸς
1033 2791 1162 2844 Πλωτῖνον
1183 2791 1354 2851 συνουσίας..
1373 2786 1424 2843 Ἦν
1442 2788 1499 2843 δὲὸ

380 2879 507 2937 Πλωτῖνος
525 2882 562 2947 τῷ
581 2873 676 2945 δεκάτῳ
694 2874 740 2927 ἔτει
757 2880 799 2943 τῆς
817 2877 939 2942 Γαλιηνοῦ
958 2877 1081 2945 βασιλείας
1096 2875 1161 2948 ,ἀμφὶ
1178 2876 1209 2929 τὰ
1227 2878 1378 2943 πεντήκοντα
1395 2874 1437 2943 ἔτη
1460 2875 1499 2927 καὶ

309 2965 314 2969 ’
380 2962 454 3015 έννέα,
489 2960 559 3032 Ἐγὼ
582 2960 609 3012 δὲ
626 2960 765 3030 Πορφύριος
787 2960 815 3012 rb
839 2963 938 3031 πρῶτον
962 2961 1030 3031 αὐτῷ
1049 2962 1188 3032 συγγέγονα
1211 2961 1286 3022 circs
1304 2962 1339 3012 ὢν
1361 2963 1417 3013 τότε
1439 2959 1500 3012 ἐτῶν

380 3045 516 3118 τριάκοντα.
543 3046 697 3100 Valerianus
707 3035 821 3099 Gallum
839 3045 941 3115 Spoleti
957 3062 981 3101 a.
995 3047 1045 3100 253
1061 3063 1153 3101 mense
1167 3048 1239 3101 Maio
1257 3047 1424 3101 interfectum
1441 3063 1500 3099 oum

379 3133 526 3202 legionibus
546 3130 652 3184 Gallicis
672 3130 885 3201 Germanicisque
908 3148 1083 3202 approperans
1099 3132 1254 3197 vindicavit,
1276 3150 1331 3185 non
1352 3132 1500 3185 retardatus

380 3220 413 3271 ab
430 3217 588 3281 Aemiliano,
608 3217 652 3285 qui
669 3222 730 3269 anto
747 3216 877 3286 proelium
893 3222 1003 3277 necatus
1021 3222 1069 3273 est.
1098 3216 1184 3281 Quum
1201 3223 1407 3271 consentaneum
1423 3222 1500 3280 esset,

379 3321 477 3357 novum
492 3304 677 3372 imperatorem
693 3302 806 3354 Romam
828 3302 964 3367 festinare,
986 3303 1140 3356 Valerianus
1157 3303 1232 3356 Iunio
1255 3319 1347 3357 mense
1369 3303 1499 3372 putandus

380 3389 464 3443 estin
480 3389 545 3441 mbo
565 3388 707 3457 imperator
724 3388 828 3457 publice
845 3387 992 3441 declaratus
1010 3404 1083 3452 esse;
1100 3389 1146 3457 qui
1163 3405 1245 3458 quum
1261 3388 1386 3441 continno
1405 3387 1499 3440 Gallie·

379 3493 443 3528 num
461 3475 494 3527 ad
511 3474 651 3544 imperium
674 3478 832 3537 assumeret,
854 3474 955 3543 primus
974 3472 1087 3526 Gallieni
1110 3489 1194 3526 annus
1213 3472 1332 3525 emedio
1353 3488 1425 3525 anno
1442 3471 1500 3536 253,

380 3576 442 3629 orgo
461 3559 575 3612 decimus
598 3559 653 3611 fere
671 3575 687 3610 a
704 3558 770 3611 lulio
788 3558 851 3610 anni
862 3557 913 3609 262
936 3573 1032 3610 mense·
1049 3558 1156 3627 incepit,
1179 3575 1232 3628 quo
1254 3574 1324 3610 anno
1340 3557 1499 3628 Porphyrius

380 3662 464 3698 annos
480 3646 588 3714 triginta
604 3650 682 3696 natus
700 3644 812 3696 Romam
828 3643 956 3712 pervenit.
984 3642 1075 3711 Neque
1093 3643 1164 3695 enim
1181 3644 1243 3696 anni
1257 3643 1307 3696 263
1323 3650 1398 3712 parte
1415 3644 1500 3713 priore

378 3730 428 3784 hoc
444 3730 542 3783 facturn
560 3746 617 3782 esse
635 3729 687 3781 alio
705 3733 860 3796 argumento
878 3732 995 3797 apparet.
1030 3727 1168 3780 Decimum
1185 3729 1256 3781 enim
1272 3732 1299 3780 et
1314 3733 1437 3781 octavum
1454 3744 1500 3779 an·

379 3832 443 3867 num
465 3815 581 3867 Amelius
606 3812 675 3882 apud
697 3812 830 3865 Plotinum
853 3814 1019 3876 versabatur,
1042 3829 1124 3881 quum
1146 3812 1305 3883 Porphyrius
1327 3814 1361 3865 ad
1383 3813 1500 3866 eiusdem

380 3899 483 3953 scholas
506 3898 617 3951 accessit
640 3896 743 3967 (Porph.
761 3897 845 3965 ibid).
881 3896 1012 3976 ῌροσῆλθε
1036 3896 1062 3947 δὲ
1080 3896 1149 3967 αὐτῷ
1173 3895 1319 3967 ὁἈμέλιος
1342 3898 1423 3967 τρίτον
1446 3895 1500 3957 ἔτος

267 4022 270 4037 .
381 3982 465 4054 ἄγοντι
487 3980 511 4034 έν
530 3982 616 4052 Ῥώμῃ
639 3981 701 4033 κατὰ
723 3981 751 4032 τδ
770 3980 851 4051 τρίτον
869 3985 912 4048 τῆς
930 3981 1059 4033 Φιλίππου
1082 3981 1205 4052 βασιλείας
1222 3979 1290 4050 ἔτος,
1312 3982 1353 4034 καὶ
1376 3980 1436 4053 ἄχρι
1455 3986 1499 4033 τοῦ

380 4069 480 4139 πρώτου
504 4065 571 4127 ἔτους
594 4070 637 4133 τῆς
654 4066 778 4119 Κλαυδίου
803 4066 927 4135 βασιλείας
949 4067 1099 4136 παραμείνας
1121 4064 1163 4132 ἔτη
1185 4064 1234 4118 ὅλα
1256 4068 1404 4136 συγγέγονεν
1425 4067 1499 4119 εἴκοσι

380 4154 420 4205 καὶ
443 4152 551 4221 τέσσαρα
574 4152 640 4222 (cap.
658 4152 675 4204 3
692 4158 780 4221 extr).
814 4152 870 4204 Iam
892 4169 974 4220 quum
996 4152 1098 4205 Claudii
1120 4150 1224 4204 Gothici
1246 4153 1387 4221 imperium
1408 4169 1432 4206 a.
1450 4152 1499 4204 268

379 4240 485 4291 ineunte
507 4239 645 4307 inceperit,
669 4238 780 4307 demptis
804 4254 852 4290 sex
875 4238 951 4289 annis
975 4237 1092 4305 sequitur
1115 4242 1145 4289 ut
1164 4238 1233 4289 intra
1254 4238 1353 4307 primos
1370 4238 1433 4290 anni
1449 4237 1498 4289 262

380 4340 483 4376 menses
495 4324 610 4375 Amelius
629 4324 759 4375 decimum
777 4328 898 4375 octavum
915 4322 990 4373 illum
1008 4338 1106 4375 annum
1123 4323 1276 4392 expleverit.
1305 4323 1399 4375 Obstat
1409 4328 1498 4375 tamen

379 4408 527 4478 Philippus,
545 4410 568 4461 si
585 4414 654 4461 recte
673 4426 754 4477 quum
771 4409 803 4460 ab
823 4408 893 4471 aliis,
911 4412 969 4459 tum
986 4422 1003 4458 a
1019 4408 1186 4460 Tillemontio
1207 4409 1235 4460 in
1252 4408 1312 4462 hist.
1329 4409 1411 4477 impp.
1423 4408 1497 4461 Rom.

303 4490 305 4493 ’
379 4494 471 4547 tom.3
488 4512 513 4563 p.
526 4494 571 4545 l‘Zl
591 4510 659 4545 anno
672 4493 722 4545 244
739 4494 866 4562 imperare
879 4494 995 4562 coepisse
1007 4499 1135 4548 censetur.
1165 4494 1245 4562 Atqui
1258 4492 1404 4546 Gordianus
1417 4510 1498 4563 quum

378 4579 456 4646 paulo
475 4584 535 4630 ante
552 4579 622 4631 illius
641 4579 703 4631 anni
720 4579 789 4630 diem
807 4578 888 4647 pridie
906 4579 943 4633 ld.
958 4581 1033 4635 Mart.
1052 4595 1069 4630 a
1084 4579 1204 4648 Philippo
1222 4579 1395 4643 occideretur,
1412 4580 1497 4648 ipsum
1559 4572 1568 4584 ¹
