3592 5400
810 640 920 686 sorar.
1311 625 1351 686 23

378 836 457 902 cisse
475 835 596 922 poe'siu,
616 832 809 911 rhetoricam,
828 832 1000 920 physicam,
1018 839 1075 898 etc.
1094 832 1153 898 Sed
1172 832 1354 920 malasigni·

377 978 447 1040 licat
477 972 672 1040 Aristotelem
705 970 777 1037 haec
807 971 909 1037 omnia
938 972 1155 1038 adolescentem
1185 972 1355 1060 scripsisse:

378 1114 434 1180 hoc
465 1114 544 1178 enirn
576 1112 662 1178 illum
687 1110 818 1176 voluisse
839 1115 921 1198 patet
943 1134 980 1178 ex
1003 1112 1087 1189 istis,
1111 1110 1294 1196 γέγραπται
1318 1110 1353 1175 δὲ

378 1251 467 1336 αὐτῷ
493 1254 548 1315 καὶ
573 1257 593 1333 ἡ
618 1254 683 1316 τῶν
708 1248 884 1315 πολιτειῶν
910 1250 1036 1334 ἱστορία
1055 1251 1238 1334 ὕστερον
1246 1298 1256 1329 ,
1279 1274 1355 1337 quae

378 1391 466 1458 verba
495 1413 557 1456 uon
589 1389 676 1455 habet
707 1389 1042 1468 PseudoAmmonius3
1074 1389 1123 1454 hic
1149 1389 1193 1455 ita
1223 1388 1354 1476 intelligi

377 1529 479 1596 debet:
510 1529 712 1595 “Aristoteles
742 1528 914 1593 adolescens
942 1528 1061 1615 egregia
1082 1527 1259 1594 educatione
1281 1551 1355 1594 usus

376 1675 440 1748 est,
468 1675 499 1734 et
526 1691 628 1733 omnes
657 1673 735 1733 artes
757 1667 894 1733 eruditus
916 1690 992 1753 quae
1014 1669 1179 1755 ingenuum
1204 1666 1354 1733 liberalem

376 1808 498 1888 decent;
523 1806 603 1893 quod
626 1805 764 1893 patetvel
777 1829 813 1871 ex
835 1807 892 1884 iis,
914 1828 991 1892 quae
1012 1807 1139 1893 (postea)
1161 1805 1197 1870 de
1217 1804 1264 1870 his
1279 1804 1355 1892 ipsis

375 1946 491 2013 artibus
521 1946 672 2033 scripsit„
703 1946 797 2012 Recte
820 1946 898 2010 enim
923 1945 953 2010 J.
977 1944 1197 2011 '1¹h.Buhlel.
1221 1967 1245 2010 c.
1269 1945 1304 2009 Τ.
1327 1945 1354 2010 Ι.

375 2111 404 2175 p.
436 2090 487 2151 84.
521 2085 764 2157 “Quaestionum
801 2083 1047 2160 Homericerum,
1081 2082 1225 2148 librorum
1257 2083 1293 2148 de
1322 2106 1354 2148 re

375 2225 493 2313 poetica
523 2230 553 2288 et
577 2223 614 2288 de
636 2223 733 2310 poetis
756 2228 813 2288 etc.
838 2222 883 2287 vel
906 2223 1073 2310 fragmenta
1096 2223 1192 2287 virum
1216 2221 1355 2289 subactae

368 2364 435 2451 jam
458 2362 638 2428 eruditionis
661 2367 690 2427 et
713 2361 886 2427 maturioris
909 2362 1015 2427 aetatis
1038 2361 1202 2448 produnt„

421 2639 499 2707 Ibid.
529 2639 598 2705 Irin.
631 2642 681 2705 14.
712 2641 767 2704 καὶ
799 2641 840 2704 τὰ
869 2637 1078 2724 γεγραμμένα
1101 2637 1189 2725 αὐτῷ
1214 2638 1353 2705 δικαιώ-

374 2806 465 2864 ματα
501 2784 567 2845 τῶν
603 2777 809 2862 Ἐλληνίδων
845 2776 983 2844 πόλεων.
1028 2780 1162 2844 Omnino
1192 2802 1259 2844 cum
1296 2778 1354 2844 hoc

375 2921 443 2985 loco
473 2918 706 3007 comparandum
736 2924 781 2985 est
809 2919 1028 3005 fragmentum,
1057 2918 1137 3004 quod
1169 2917 1256 2984 nobis
1288 2918 1353 3004 (sed

376 3062 528 3145 corrupte)
555 3058 685 3123 servavit
703 3057 885 3122 Ammonius
905 3060 977 3141 περὶ
999 3056 1163 3142 διαφόρων
1181 3056 1300 3131 λέξεων
1319 3058 1353 3122 in

374 3220 449 3264 voce
485 3203 570 3278 νῆες,
606 3195 658 3261 ubi
691 3195 804 3283 legitur
842 3198 1050 3278 Λικαιὼμασι
1087 3200 1152 3260 τῶν
1188 3193 1350 3277 πολέμων.

374 3336 568 3403 Restituatnr
603 3332 741 3399 πόλεων.
778 3333 927 3420 Adjiciam
963 3356 1038 3418 quae
1071 3357 1088 3398 a
1119 3333 1188 3397 VV.
1220 3333 1291 3399 DD.
1315 3335 1352 3400 ad

376 3474 458 3540 hunc
481 3474 636 3540 Ammouii
658 3473 756 3538 locum
781 3478 884 3538 notata
907 3472 1058 3559 leguntur.
1085 3472 1179 3554 (lldit.
1192 3472 1350 3560 Valckeu.)

375 3614 491 3679 “Hauc
520 3613 679 3678 lectionem
713 3610 890 3696 (πολέμων)
926 3621 1029 3678 contre
1050 3612 1277 3690 Casaubonum,
1300 3614 1350 3699 qui

377 3751 501 3818 πόλεων
526 3750 740 3817 emendandam
762 3752 941 3838 conjecerat,
956 3754 1072 3817 ‘eximie
1091 3758 1193 3818 tuetur
1212 3753 1352 3819 Valesius

248 3932 250 3937 s
307 3885 311 3891 ’
375 3894 408 3958 in
431 3898 493 3957 not.
512 3890 664 3957 Maussaci
688 3891 725 3956 ud
750 3890 927 3978 Harpocrat.
952 3913 977 3955 v.
1004 3889 1134 3976 δρυμός,
1159 3897 1189 3957 et
1211 3915 1248 3957 ex
1270 3892 1351 3980 frag-

376 4033 469 4109 mine,
499 4029 581 4117 quod
612 4032 750 4094 Ammon.
781 4030 925 4105 servavit,
960 4028 1027 4094 libri
1059 4030 1232 4095 Aristotelis
1263 4053 1351 4118 argu·

376 4175 509 4235 mentum
541 4166 716 4244 subolfecit‚
748 4173 778 4232 et
799 4167 916 4231 erudite
939 4167 1108 4233 declaravit.
1137 4168 1350 4253 Nequidquam

375 4310 471 4397 igitur
500 4305 626 4371 πόλεων
657 4328 711 4393 pro
741 4304 890 4387 πολέμων
923 4305 1057 4370 Meursio
1088 4306 1211 4392 placuit,
1242 4313 1272 4371 et
1295 4307 1350 4372 Fa·

375 4448 470 4514 bricio
495 4447 536 4534 ‚ad
568 4446 637 4512 Iud.
667 4447 790 4511 Auctor.
799 4493 815 4522 „
846 4445 915 4510 Jam
947 4448 1077 4509 statuere
1106 4444 1208 4521 liceat,
1242 4443 1351 4530 quibus
