3592 5400
360 924 373 962 d

402 517 463 580 114
894 536 985 578 nmen
1005 537 1027 578 1.

527 684 607 759 τοῖς1
623 682 675 773 μὲν
690 680 877 771 ἐπιχθονίοις,
891 682 973 758 τοῖς2
989 673 1014 746 θ’
1026 683 1182 771 οὐρανίοισι
1198 680 1299 746 θεοῖσι

436 804 483 861 10.
529 784 657 883 ραιθροὶ3
673 791 726 883 μὲν
741 794 895 880 οὐρανίοις,
911 791 1036 880 χθονίοις
1052 783 1233 883 θ’ἐνοιλίγκια
1247 803 1340 882 χροιῇ.

526 915 588 969 τῶν
599 901 723 993 χθονίων
736 893 868 992 θιίιειρε4
882 913 970 992 τριχῇ
985 900 1085 979 θυσίας
1100 895 1305 993 ἐναγίζωνθ,
1457 988 1459 992 V

527 1013 697 1104 νερτερίων6
712 1011 919 1092 κατάθαπτεί,
935 1016 987 1077 καὶ
1002 1019 1042 1089 εἰς
1057 1011 1162 1102 βόθρον
1178 1012 1326 1102 αἵματ’8
1340 1017 1437 1078 ἴαλλε.

399 1171 428 1238 τῇ
442 1165 469 1219 δὲ
480 1166 514 1236 Γῇ
528 1165 645 1235 μέλαιναν
658 1164 699 1217 καί
712 1164 816 1235 θήλειαν,
829 1163 879 1217 έπελ
891 1166 991 1231 τοιαύτη
1003 1165 1019 1231 ἡ
1032 1163 1093 1225 θεός.
1106 1165 1182 1236 Apud
1191 1165 1338 1234 Vergilium
1349 1165 1407 1218 Ioui
1418 1170 1522 1219 taurum

399 1253 526 1305 nitentem
538 1252 652 1315 Aeneas,
663 1251 803 1305 iuvencum
815 1250 970 1304 candentem
980 1251 1123 1315 Ascanius,
1140 1250 1234 1303 lunoni
1246 1250 1399 1304 candentem
1413 1267 1521 1304 vaccum

399 1336 465 1389 Dido
485 1336 634 1389 sacrificant
646 1334 719 1403 (Aen.
732 1335 757 1399 3,
770 1335 811 1387 20.
828 1336 852 1400 9,
865 1335 924 1389 628.
941 1336 970 1400 4,
983 1335 1034 1404 el).
1052 1335 1149 1390 Arnob.
1162 1335 1221 1390 ads.
1234 1341 1327 1404 gentes
1340 1336 1365 1389 7.
1380 1335 1412 1388 18
1424 1336 1460 1406 lp.
1471 1335 1520 1390 283

399 1422 439 1475 ed.
456 1421 538 1475 Poris.
556 1437 580 1474 a.
593 1418 682 1488 leuel:
701 1419 788 1484 „Quae
804 1422 832 1472 iu
849 1421 979 1473 coloribus
994 1421 1060 1473 ratio
1079 1427 1131 1484 est,
1148 1426 1178 1473 ut
1193 1421 1285 1473 merito
1301 1419 1343 1472 his
1360 1421 1451 1485 albas,
1468 1422 1519 1473 illis

399 1511 468 1558 atres
482 1505 619 1558 conveniat
630 1504 836 1573 nigerrimasque
849 1503 972 1575 (hostias)
984 1506 1110 1557 mactari?
1132 1505 1198 1568 Quia
1209 1506 1310 1574 superis
1323 1504 1386 1570 diis,
1403 1506 1519 1574 inquitis,

402 1630 426 1646 ..
440 1591 510 1642 color
521 1590 606 1641 laetus
616 1591 736 1656 acceptus
747 1593 794 1640 cst.
811 1589 845 1640 At
853 1607 915 1642 vero
925 1590 974 1642 diis
988 1633 994 1645 .
1006 1632 1012 1644 .
1025 1590 1099 1643 sedes
1114 1632 1138 1645 ..
1151 1589 1330 1643 habitantibus
1338 1589 1438 1642 inferes
1451 1591 1520 1643 color

400 1675 493 1728 furvus
505 1678 545 1726 est
557 1672 679 1741 gratior.“
699 1671 788 1740 Neque
797 1672 910 1726 Romani
917 1673 1003 1727 hacin
1014 1691 1042 1727 re
1052 1691 1068 1728 a
1078 1674 1183 1728 Graecis
1196 1674 1359 1730 differebant.
1379 1675 1419 1728 cf.
1428 1675 1519 1728 Festus

401 1775 423 1812 s.
435 1758 539 1812 furvum
552 1759 659 1821 bovem,
675 1756 760 1811 Valer.
773 1759 845 1811 Max.
859 1758 883 1812 2.
896 1759 921 1812 4.
933 1759 958 1814 5.

469 1843 478 1877 ¹
504 1843 547 1896 Sic
559 1842 657 1910 AHSV,
671 1843 732 1911 τρεῖς
744 1843 799 1894 rell.
962 1843 973 1876 ²
995 1845 1037 1904 τᾶς
1048 1845 1079 1910 V,
1092 1846 1144 1906 ταῖς
1156 1845 1207 1898 Hs.

468 1928 479 1963 ³
502 1928 600 1998 Supple
612 1943 645 1980 ex
658 1944 682 1980 ν.
693 1926 708 1977 'l
721 1928 776 1996 ζῷα
787 1925 925 1995 καθαγίζειν
938 1926 1002 1996 θέμις
1014 1927 1073 1983 ἐστί,

468 2013 479 2046 ⁴
503 2012 605 2081 Διαίρειν
623 2016 663 2064 est
679 2011 823 2076 dimovere,
838 2012 912 2063 velut
923 2012 1003 2079 διᾶραι
1015 2014 1096 2082 στόμα
1109 2014 1202 2067 dicitnr
1212 2031 1260 2084 pro
1272 2015 1443 2083 distinendis,
1461 2033 1518 2087 spc-

399 2097 495 2152 riendis
507 2098 596 2150 labris.
614 2097 705 2165 Itaque
716 2093 742 2150 h.
753 2097 770 2148 1.
783 2095 920 2148 dissecato.
938 2094 1037 2149 De-hoc
1047 2115 1119 2151 more
1131 2099 1185 2152 sch.
1196 2099 1316 2168 Apollon.
1325 2099 1411 2153 Rhod.
1424 2102 1447 2156 1.
1457 2101 1517 2155 587:

400 2181 492 2252 ἔντομα
509 2180 536 2232 δὲ
548 2181 579 2232 τὰ
591 2177 690 2250 σφάγια.
710 2179 798 2249 κυρίως
816 2179 846 2231 τὰ
863 2183 914 2240 τοῖς
926 2183 1019 2249 νεκροῖς
1037 2178 1195 2252 ἐναγιζόμενα
1207 2183 1251 2235 διὰ·
1262 2185 1291 2236 τό
1304 2182 1328 2237 έν
1341 2188 1371 2256 τη
1390 2190 1423 2256 γῇ
1440 2185 1518 2237 αὐτῶν

401 2265 579 2335 ἀποτέμνεσθαι
591 2264 633 2324 τὰς
646 2262 761 2334 κεφαλάς.
776 2264 841 2315 οίίτω
854 2260 902 2334 γὰρ
915 2264 999 2315 θιίουσι
1010 2268 1061 2324 τοῖς
1073 2265 1186 2335 χθονίοις.
1204 2268 1321 2323 Eustath.
1337 2271 1371 2323 ad
1381 2271 1460 2329 Hom.
1473 2271 1517 2325 0d.

403 2350 500 2405 1123:
518 2348 541 2400 οί
557 2348 658 2401 παλαιαλ
671 2388 690 2400 ..
709 2343 748 2399 ἐπί
767 2388 786 2399 ..
805 2351 896 2419 νεκρῶν
915 2346 989 2416 τόμιά
1006 2368 1066 2418 φασι
1082 2350 1123 2400 καὶ
1140 2348 1242 2423 ἔντομα,
1259 2353 1298 2406 ἐπὶ
1317 2353 1344 2407 δὲ
1360 2354 1423 2407 θεῶν
1440 2355 1517 2425 ίερέῖα

401 2434 481 2489 Thuc.
491 2434 516 2488 5.
530 2434 568 2488 ll.
581 2436 607 2486 l:
627 2433 660 2494 ὡς
676 2433 739 2502 ἥρωι
755 2432 922 2501 ἐπιτέμνουσι,
938 2435 984 2487 ubi
1001 2433 1083 2489 schol.
1101 2431 1260 2507 ἐναγίζουσιν,
1278 2436 1433 2509 ἐναγίσματα
1444 2459 1518 2511 προσ·

402 2519 522 2590 φέρουσιν.
547 2519 577 2573 Ο.
589 2521 698 2571 Mueller
711 2518 743 2570 ad
754 2517 847 2570 Aesch.
858 2518 934 2571 Eum.
946 2535 972 2588 p.
984 2519 1044 2571 1442
1061 2519 1110 2571 Bei
1125 2521 1193 2572 allen
1206 2521 1325 2576 Schwur-
1336 2525 1391 2577 und
1403 2525 1518 2578 Bundes-

401 2605 493 2675 opfern
513 2647 534 2660 ..
553 2605 588 2660 ist
605 2605 651 2657 das
663 2603 763 2656 Tidten
779 2603 834 2655 und
851 2603 1022 2657 Zerstrickeln
1040 2603 1084 2656 des
1101 2603 1205 2668 Thiers‚
1222 2603 1293 2677 όρκια
1308 2609 1413 2679 τέμνειν,
1429 2610 1517 2663 foedus

399 2690 479 2757 icere,
502 2691 595 2743 inimer
612 2691 650 2743 als
667 2689 725 2742 eine
741 2688 901 2758 Andeutung
918 2688 963 2742 des
979 2687 1128 2741 Schicksals
1149 2705 1318 2759 genommen,
1341 2694 1455 2749 welches
1472 2695 1518 2749 den

367 2795 371 2801 ⁴
400 2774 594 2844 Eidbriichigen
610 2774 704 2827 treffen
721 2775 793 2826 solle.
816 2774 855 2825 De
870 2774 1036 2827 iureiurando
1049 2772 1180 2844 Aristoph.
1197 2775 1305 2843 Lysistr.
1317 2778 1377 2832 192:
1397 2778 1418 2832 el
1435 2781 1518 2833 λευκόν

401 2858 473 2910 ποθεν
483 2859 559 2910 ίππον
573 2859 694 2927 λαβοῦσαι
706 2861 791 2927 τόμιον
806 2856 971 2927 ἐντεμοίμεθα.
989 2858 1028 2911 De
1040 2858 1162 2912 heroibus
1173 2859 1241 2913 Plut.
1251 2860 1305 2915 Sol.
1315 2863 1345 2928 9,
1357 2864 1390 2917 de
1399 2866 1518 2919 Manibus

400 2946 473 2998 Mox.
487 2945 547 3011 Tyr.
560 2943 593 2995 26
606 2943 651 3012 (14
662 2942 761 3011 Reislr.)
775 2942 790 2993 2
803 2941 895 3011 σφάγια
907 2940 1033 3012 έντέμνειν.
1055 2944 1153 2997 Heroes
1166 2950 1254 2997 autem
1265 2944 1426 3017 Porphyrius
1438 2952 1519 3005 numi·

400 3028 478 3081 nibus
491 3028 655 3079 terrestribus
668 3031 830 3080 annumerat.
855 3028 919 3079 Tres
930 3033 1031 3098 partes,
1043 3028 1071 3080 in
1083 3045 1148 3098 quas
1161 3029 1282 3082 victimae
1295 3029 1421 3088 dissecari
1432 3036 1518 3089 iuben-

400 3117 451 3177 tur,
463 3112 582 3165 videntur
594 3116 683 3181 caput,
695 3111 808 3175 femora,
821 3128 915 3181 corpus
928 3130 994 3166 esse.
1011 3128 1014 3133 ·

470 3196 480 3229 ⁵
503 3196 541 3251 Cf.
555 3201 609 3249 not.
622 3196 655 3249 ad
667 3195 727 3250 ui.
959 3251 964 3259 ,

468 3282 479 3316 ⁶
501 3281 530 3333 Id
543 3286 582 3334 est
595 3279 685 3341 θυσίας.
709 3280 748 3333 De
760 3282 872 3334 victimis
888 3281 938 3335 hoc
951 3284 1078 3336 vocabulo
1095 3284 1174 3337 etiam
1185 3283 1317 3338 Lucienus
1335 3284 1368 3339 de
1386 3291 1518 3345 sacrificiis

403 3366 434 3420 12
445 3367 541 3420 utitur:
555 3365 648 3434 θέμενοι
661 3363 687 3417 δὲ
701 3366 800 3435 βωμοὺς
814 3406 833 3418 ..
847 3364 1001 3437 προσάγουσι
1012 3364 1055 3428 τὰς
1068 3367 1158 3429 θυσίας.

468 3452 478 3487 7
502 3448 642 3503 κατάόαπτε
655 3451 722 3505 coni.
735 3449 849 3505 Nitzsch.
858 3451 896 3515 od
906 3452 983 3507 Hom.
997 3453 1045 3507 Od.
1057 3453 1096 3505 10.
1106 3453 1164 3505 517.
1186 3454 1221 3507 At
1230 3454 1392 3524 Porphyrius
1405 3464 1475 3511 certe
1485 3461 1519 3512 ita

400 3553 453 3590 non
464 3537 541 3605 legit,
559 3553 639 3605 quum
652 3541 764 3589 enarret:
782 3535 905 3587 selesiensi
918 3535 958 3587 καὶ
971 3533 1067 3587 θάπτειν
1079 3538 1174 3597 τούτοις
1186 3538 1343 3606 τὰσώματα.
1366 3542 1408 3595 De
1425 3545 1520 3597 scrobi-

401 3622 449 3674 bus
462 3620 567 3690 quidem
579 3626 689 3675 constat.
702 3621 778 3674 Hom.
791 3620 838 3674 od.
853 3621 892 3674 11.
906 3621 952 3672 34:
969 3617 1037 3671 ἔθνεα
1048 3625 1140 3691 νεκρῶν
1152 3621 1296 3692 ἐλλισάμην,
1313 3620 1345 3675 τὰ
1357 3624 1384 3677 δὲ
1396 3628 1468 3697 μῆλα
1478 3627 1519 3679 λα-

401 3704 452 3774 βὼν
470 3704 681 3775 ἀπεδειροτόμησα
698 3702 722 3764 ές
739 3704 840 3775 βόθρον,
859 3703 897 3774 βέε
915 3698 1009 3774 δἀίμα
1024 3705 1174 3775 κελαινεφές,
1192 3708 1225 3760 de
1242 3708 1387 3779 eademque
1404 3729 1433 3765 re
1451 3713 1520 3767 Circe

402 3788 441 3843 10.
451 3790 501 3841 517
514 3788 603 3859 βόθρον
616 3784 700 3859 θριίξαι
713 3787 771 3840 ’όσον
784 3808 810 3841 τε
821 3790 956 3860 πυγοιίσιον
969 3787 1025 3841 ἔνθα
1037 3790 1078 3841 καλ
1090 3787 1158 3859 ἔνθα,
1171 3792 1222 3844 527
1233 3789 1281 3844 ἔνθ’
1291 3788 1327 3844 ὄιν
1340 3793 1436 3865 ἄρνειον
1448 3796 1519 3863 θῆλύν

399 3888 426 3923 τε
438 3873 563 3940 μέλαιναν,
576 3870 607 3932 εἰς
619 3870 723 3944 Ἔρεβος
736 3873 854 3943 στρέψας,
867 3874 941 3935 αὐτος
954 3875 976 3926 δ’
986 3873 1109 3943 ἀπόνοσφι
1121 3876 1262 3946 τραπέσθαι.
1279 3877 1331 3931 Ubi
1341 3877 1436 3933 schol:
1449 3879 1519 3933 αίνίτ-
1565 3914 1571 3930 .

319 4014 321 4021 ¹
400 3972 466 4006 τεται
483 3954 509 4005 u
526 3954 565 4005 διὰ
581 3957 669 4007 τούτου
686 3958 715 4009 τό
733 3956 767 4027 μὴ
783 3957 890 4009 ἀνέὶσθαι
907 3960 965 4028 μηδ’
980 3958 1018 4011 ἐπ’
1033 3957 1142 4020 ἔξουσίας
1158 3954 1218 4022 εἶναι
1234 3962 1292 4023 τοὺς
1308 3963 1518 4033 τετελευτηκότας,

400 4034 466 4089 ἀλλὰ
478 4038 607 4107 (Eustath.
620 4040 702 4092 addit:
721 4043 884 4111 μεμετρῆσθαι
901 4043 964 4095 κατὰ
979 4044 1022 4095 τόν
1036 4044 1175 4116 σύμμετρον
1191 4044 1280 4115 βόθρον
1293 4047 1346 4118 καὶ)
1364 4048 1450 4121 ὥσπερ
1468 4048 1519 4120 ἔχε·

400 4122 457 4174 σθαι
469 4121 509 4173 καλ
521 4119 688 4191 ἐγκεκλέῖσθαι
700 4123 808 4196 καθάπερ
821 4126 862 4177 καλ
874 4126 897 4178 oi
909 4125 1033 4180 δάκτυλοι.
1055 4128 1204 4198 Trophonio
1221 4128 1245 4181 έν
1257 4131 1325 4182 νυκτλ
1337 4132 1407 4201 ιιρέον
1424 4134 1517 4187 θόουαιν

399 4204 432 4267 εἰς
445 4206 535 4276 βόθρον
546 4206 624 4259 Paus.
634 4208 658 4260 9.
667 4207 708 4261 39.
719 4209 743 4263 6.
762 4209 802 4262 Ita
813 4210 840 4262 in
853 4218 1016 4265 mortuorum
1028 4215 1179 4266 evocatione
1189 4230 1231 4283 ap.
1240 4216 1349 4271 Lucian.
1360 4217 1487 4287 Necyom.
1495 4219 1517 4282 9,

398 4290 565 4361 Philops.14.
589 4292 619 4344 In
634 4291 719 4345 herois
737 4294 818 4346 sacris
831 4311 872 4363 ap.
881 4294 959 4347 Peus.
968 4296 993 4350 5.
1006 4297 1045 4351 13.
1058 4298 1085 4349 l:
1102 4297 1201 4367 λέγεται
1218 4298 1245 4350 δὲ
1262 4300 1302 4351 καὶ
1314 4298 1349 4360 ὡς
1361 4299 1446 4354 ἔθυσεν
1457 4304 1517 4357 Her·

399 4377 471 4429 cules
487 4374 510 4436 ές
527 4376 569 4427 τὀν
582 4376 671 4447 βόθρον
684 4382 720 4447 τῷ
733 4377 829 4429 Πέλοπι
842 4418 862 4429 ..
875 4378 904 4429 τό
923 4377 950 4431 δὲ
965 4378 1050 4450 ἱερεῖόν
1066 4380 1117 4434 ἐστι
1134 4383 1201 4453 κριός
1218 4383 1302 4452 μέλας.
1326 4384 1368 4439 lta
1383 4384 1476 4457 ἐναγεῖς
1491 4388 1516 4440 in

398 4460 503 4528 piaculo
515 4461 658 4528 (Clidemus
671 4479 712 4533 ap.
722 4461 816 4518 Athen.
830 4463 854 4517 9.
865 4464 916 4517 410
924 4466 959 4533 al.

468 4544 520 4597 Sed
531 4562 564 4599 ne
576 4549 709 4626 sepultura
720 4549 826 4618 quidem
837 4550 957 4603 ίιιοιιόίία
968 4557 1015 4604 est.
1037 4551 1116 4607 Psus.
1126 4552 1204 4628 3.20.
1218 4552 1246 4605 9:
1263 4558 1378 4624 προϊοῦσι
1389 4554 1417 4609 δὲ
1428 4557 1515 4628 (Lace
