3592 5400
554 496 651 540 carun
665 497 706 540 ιν.
730 497 771 538 nu
786 497 991 540 ouncmouurr
1005 498 1205 542 coueonmus.
1393 480 1433 542 67

311 651 377 706 τῶν
390 643 447 732 πρὸ
461 646 557 706 αὐτοῦ
572 646 742 732 φιλοσόφων
755 637 911 736 ἐξηγήσεις
925 645 1055 709 συνελὼν
1071 645 1150 734 μετὰ
1162 655 1218 720 πῆς
1231 646 1435 734 προσηκούσης

312 754 484 842 ἐπικρίσεως
504 743 679 833 ἐξεπόνησε,
701 753 757 829 τάς
775 777 811 818 τε
833 753 929 829 ἄλλοις
949 745 1127 830 Χαλδαλισὶς
1148 752 1301 831 ὑποθέσεις
1321 757 1373 819 καὶ
1394 757 1435 820 τοὶ

314 863 444 953 μέγιστα
456 873 520 927 τῶν
534 863 759 952 ὑπομνημάτων
778 869 817 940 εἰς
831 864 872 928 τὰ
893 854 1104 953 hierapolim
1123 865 1215 954 λόγιοι
1234 865 1434 948 κατεβάλετο,

313 972 552 1064 σιγγράμμσιτα,
578 978 813 1049 aurearoma
836 971 924 1049 θείοις
944 975 1054 1063 λογίοις
1076 975 1300 1063 ἐντρεφόμενος,
1322 1024 1329 1038 .
1352 1025 1359 1039 .
1380 977 1435 1052 τὰς

312 1087 347 1147 ἐν
363 1083 453 1146 πέντε
475 1085 556 1158 ὅλοις
574 1090 670 1148 ἔτεσιν
693 1085 773 1147 αὐτοὶ
794 1083 1020 1172 συμπληρώσας
1050 1091 1140 1149 Addit
1160 1111 1227 1149 eum
1250 1092 1436 1170 septuaginta

312 1200 442 1258 tetradus
457 1201 727 1258 commentariorum
741 1201 778 1258 ad
793 1201 847 1257 illa
860 1201 978 1259 oracula
990 1202 1207 1277 conscripsisse.
1230 1202 1333 1276 Itaque
1344 1221 1432 1278 quum

314 1309 421 1369 Snidas
436 1311 515 1368 inter
528 1311 645 1370 Proculi
661 1312 770 1387 scripta
786 1310 885 1368 decem
902 1311 992 1369 libros
1006 1307 1073 1393 περὶ
1092 1306 1133 1368 τὰ
1152 1306 1242 1395 λόγιοι
1262 1313 1433 1393 commemo·

312 1429 374 1490 rat,
390 1421 498 1498 singuli
513 1421 580 1478 libri
597 1422 732 1479 videntur
746 1421 849 1479 vicena
869 1429 973 1478 octona
994 1422 1110 1478 oracula
1125 1422 1319 1493 continuisse,
1339 1425 1381 1481 ita
1400 1432 1433 1482 ut

314 1538 343 1587 et
364 1549 447 1589 sacer
465 1523 715 1608 ille'septenarius
736 1550 873 1590 numerus
893 1538 923 1589 et
943 1514 995 1587 hta
1008 1525 1173 1613 πεπρακώς
1193 1540 1308 1590 serrata
1322 1543 1430 1592 essent.

312 1642 470 1717 Porphyrii
491 1642 583 1700 libros
609 1643 726 1699 nonde
751 1642 931 1700 oraculorum
953 1642 1151 1718 philosophia,
1178 1643 1229 1701 sed
1252 1643 1288 1700 de
1311 1645 1433 1702 materia

313 1752 500 1828 usurpavisse
513 1752 660 1827 putandus
675 1759 734 1823 est;
752 1771 819 1809 nam
833 1759 894 1809 toto
912 1750 1005 1826 capite
1021 1753 1061 1810 26
1075 1753 1207 1811 Marinus
1222 1753 1258 1810 de
1274 1753 1433 1813 chaldaica

311 1869 426 1919 tantum
440 1863 613 1950 theosophia
627 1863 767 1936 loquitur,
784 1881 877 1937 neque
891 1880 1018 1937 unquam
1033 1862 1175 1921 Proculus
1190 1863 1220 1919 in
1236 1863 1354 1939 scriptis
1369 1864 1431 1923 suis

312 1973 432 2030 deornm
448 1971 625 2031 Graecorum
641 1991 796 2048 responsa,
817 1972 916 2048 qualia
930 1971 1110 2047 Porphyrius
1125 1972 1222 2048 priore
1241 1972 1272 2028 in
1288 1993 1432 2031 commen·

312 2083 423 2142 tatione
438 2084 573 2158 praebet,
589 2083 771 2159 saepissime,
786 2083 864 2139 vclut
879 2082 910 2139 in
925 2100 1027 2139 comm.
1040 2082 1077 2139 ad
1088 2084 1256 2152 Platonem,
1273 2081 1433 2142 Chaldaica

312 2192 540 2268 oracula-affert.
564 2192 648 2266 Quae
663 2193 727 2252 sola
740 2213 759 2250 a
773 2193 982 2269 posterioribus
997 2209 1110 2266 quoque
1124 2192 1287 2252 Platonicis
1302 2193 1333 2249 in
1347 2211 1432 2251 usum

312 2310 474 2362 vertuntur.

373 2413 421 2472 Ne
437 2413 598 2472 Christiani
613 2414 729 2489 quidem
746 2414 829 2472 veriti
844 2421 914 2472 sunt
928 2414 1045 2471 oracula
1059 2414 1182 2490 fingere,
1198 2413 1303 2487 quibus
1319 2413 1431 2474 Christi

312 2524 482 2598 Mariusque
496 2524 676 2582 divinitatem
693 2533 722 2581 et
737 2524 877 2582 trinitatis
892 2523 1077 2583 sanctitatem
1092 2530 1122 2579 et
1132 2523 1271 2581 librorum
1283 2541 1429 2582 sacrorum

312 2634 400 2690 fidem
422 2624 634 2693 confirmarent.
664 2633 732 2691 Non
755 2633 848 2692 solum
868 2634 1012 2690 Mercurio
1033 2640 1079 2691 ter
1100 2632 1225 2690 maximo
1247 2640 1277 2689 et
1299 2630 1431 2709 Sibyllis,

313 2745 364 2802 sed
379 2744 468 2803 etiam
483 2745 627 2821 Apollini,
643 2745 792 2815 Ammoni,
813 2743 918 2820 Sarapi
933 2744 1018 2802 istius
1032 2743 1109 2802 modi
1124 2743 1202 2801 dicta
1217 2746 1429 2820 supponebant.

313 2854 398 2928 Quae
413 2873 517 2932 sparsa
531 2855 667 2932 leguntur·
681 2856 757 2930 apud
770 2855 957 2913 Lactantium
972 2855 1002 2911 in
1018 2855 1140 2924 institi,
1155 2853 1315 2930 Didymum
1329 2855 1365 2912 de
1379 2855 1431 2912 tri-

313 2966 420 3035 nitate,
435 2965 578 3023 Iustinum
594 2966 752 3041 Martyrem
769 2958 817 3042 (ad
831 2971 910 3043 gent.
928 2958 995 3042 38),
1013 2966 1087 3024 alios
1102 2965 1242 3024 ecclesiae
1263 2965 1431 3041 scriptores,

312 3084 373 3133 tum
396 3076 525 3151 pessima
544 3094 592 3152 ap.
614 3076 655 3132 Ic.
679 3075 816 3134 Malalam
839 3082 868 3132 et
890 3075 945 3135 Ge.
968 3074 1129 3134 cedrenum
1136 3096 1144 3145 ;
1167 3049 1235 3133 inde
1257 3076 1287 3133 in
1311 3074 1432 3135 Snidam

312 3188 471 3256 fluxerunt,
487 3186 566 3244 velut
581 3203 604 3243 s.
621 3187 752 3261 Augusto
771 3194 840 3244 ets.
856 3185 992 3244 Thulidc.
1022 3186 1113 3243 Plura
1132 3186 1219 3242 etiam
1239 3186 1270 3242 in
1291 3186 1372 3243 codd.
1388 3187 1431 3242 la·

312 3303 385 3354 tent.
416 3296 537 3370 Aliquot
558 3295 700 3353 eiusmodi
722 3296 838 3353 oracula
860 3296 922 3353 cod.
943 3293 1038 3353 Oxou.
1061 3295 1132 3352 anni
1153 3294 1214 3351 fere
1234 3292 1292 3351 Mc
1311 3296 1432 3369 praebet

312 3426 360 3482 ap.
375 3406 473 3463 Bentl.
488 3406 526 3463 ad
542 3405 667 3464 Millium
682 3426 711 3481 p.
722 3406 782 3464 458
799 3406 843 3461 ed.
856 3404 940 3479 Lips.
953 3406 1031 3462 1781
1046 3411 1075 3459 et
1090 3403 1152 3461 cod.
1169 3401 1281 3461 Sedulii
1296 3420 1372 3461 saec.
1385 3403 1431 3460 IX

312 3536 359 3593 ap.
376 3516 583 3574 Montefalcon.
597 3515 743 3592 palaeogr.
761 3514 812 3573 Gr.
828 3514 873 3571 III
889 3515 918 3570 7.
948 3512 1031 3587 Quae
1045 3514 1124 3569 Max.
1139 3512 1288 3571 Planudes
1303 3511 1429 3589 collegit,

312 3646 365 3703 ego
381 3628 411 3683 in
427 3628 623 3683 additamento
638 3625 740 3682 ultimo
757 3625 850 3682 edam.

376 3736 525 3794 Nonnulla
536 3735 716 3793 oraculorum
731 3753 851 3810 corpora
865 3731 1027 3790 diutissime
1040 3740 1218 3790 manserunt.
1242 3732 1353 3791 Romae
1368 3730 1430 3807 qui-

312 3847 378 3903 dem
405 3848 552 3924 Augustus
581 3844 742 3920 „quidquid
768 3843 951 3906 fatidicorum
976 3843 1115 3900 librorum
1142 3842 1248 3901 Graeci
1273 3841 1430 3917 Latinique

313 3956 428 4032 generis
446 3955 534 4014 nullis
549 3956 594 4013 vel
609 3975 711 4031 parum
726 3950 839 4011 idoneis
858 3952 1024 4011 auctoribus
1041 3954 1124 4029 v'ulgo
1139 3952 1320 4023 ferebantur,
1342 3972 1431 4030 supra

312 4066 367 4122 duo
383 4064 476 4122 millia
490 4072 638 4123 contracta
652 4064 778 4139 undique
797 4063 947 4134 cremavit,
969 4082 1004 4121 ac
1023 4064 1101 4122 solos
1122 4062 1243 4121 retinnit
1258 4061 1428 4139 Sibyllinos,

311 4176 365 4232 hos
386 4193 500 4251 quoque
522 4175 635 4232 delectu
655 4170 779 4232 habito“
804 4166 904 4249 (Suet.
924 4172 1027 4231 Octav.
1051 4166 1163 4252 31.1)=
1185 4172 1285 4231 sedin
1307 4170 1429 4247 imperio

312 4284 433 4342 orientis
448 4304 484 4340 ne
497 4282 672 4341 Christianis
687 4284 803 4357 quidem
819 4284 910 4342 sacris
926 4290 1086 4342 cesserunt.
1108 4283 1155 4340 Ita
1169 4303 1187 4339 a
1200 4283 1324 4340 Valente
1338 4279 1429 4356 impe·

313 4397 409 4450 usitare
429 4393 561 4454 Hilarius
581 4394 695 4468 Phryx,
717 4394 923 4470 philosophus,
946 4392 986 4462 ὡς
1007 4376 1044 4458 δὴ
1059 4385 1191 4474 χρησμόν
1204 4407 1273 4447 τινα
1286 4375 1375 4458 λοξὸν
1391 4388 1430 4458 εἰς

311 4496 348 4558 τὸ
370 4496 550 4584 σαφέστερον
570 4495 762 4583 ἑρμηνεύσας,
784 4503 971 4573 interficitur,
993 4509 1068 4561 teste
1088 4500 1205 4560 Zosimo
1226 4503 1255 4558 4.
1280 4499 1328 4558 15.
1361 4499 1430 4574 Ipse

1193 4610 1226 4661 5*
