3592 5400
718 1290 1074 1384 EPILOGUS.

336 1674 445 1768 Nolim
468 1709 581 1766 crimini
605 1709 674 1766 mihi
696 1709 784 1778 verti,
813 1709 891 1784 quod
913 1712 1184 1771 commentariomm
1209 1715 1301 1772 moles
1327 1715 1456 1790 ipsarum

336 1820 526 1897 reliquiarum
546 1819 696 1896 exiguitati
711 1838 812 1894 parum
830 1820 1013 1896 respondeat.
1048 1820 1116 1879 Non
1131 1822 1356 1899 ignoropunam
1371 1826 1457 1884 hodie

336 1931 463 1989 maxims
478 1929 620 1987 rationem
635 1929 730 1987 solere
743 1929 876 2005 probari,
900 1938 932 1987 ut
950 1931 1017 1988 libri
1039 1937 1167 1989 veterum
1187 1934 1250 1990 sine
1265 1934 1458 2010 explicatione
1498 1911 1503 1920 Ι

336 2043 413 2111 ulla,
429 2041 560 2100 codicum
571 2040 655 2098 modo
667 2040 863 2116 discrepantia
874 2041 1052 2118 significata,
1064 2042 1142 2099 omni
1152 2041 1307 2120 farragine,
1323 2053 1355 2102 ut
1365 2046 1455 2114 aiunt,

335 2153 452 2211 abiecta
471 2151 603 2209 edantur.
638 2151 678 2208 At
698 2150 842 2226 reliquiae
862 2171 880 2210 a
899 2171 946 2209 me
966 2153 1105 2210 collectae
1125 2171 1219 2229 neque
1232 2154 1364 2232 intellegi
1379 2163 1457 2212 recte

336 2282 432 2338 neque
452 2263 588 2337 cuiquam
607 2261 747 2337 prodesse
765 2268 904 2338 possunt,
928 2263 985 2321 nisi
1000 2263 1241 2338 interpretatione
1255 2266 1456 2348 emplanantur.

338 2373 418 2447 Quid
438 2373 515 2430 enim
534 2372 630 2430 nudos
649 2389 749 2430 versus
769 2371 849 2430 iuvat
868 2373 1046 2444 describere,
1070 2373 1120 2449 qui
1141 2381 1291 2431 venustate
1311 2376 1457 2434 neminem

337 2483 503 2542 delectent?
534 2482 630 2556 Quum
645 2502 732 2558 porro
747 2488 776 2539 et
791 2483 909 2540 oracula
923 2489 953 2540 et
966 2483 1147 2559 Porphyrius
1162 2483 1353 2543 caerimonias
1368 2504 1458 2561 quas·

338 2595 406 2652 dam
420 2593 603 2670 praecipiant
618 2612 636 2651 a
650 2593 850 2651 communibus
866 2592 1044 2652 Graecorum
1059 2592 1202 2651 institutis
1217 2594 1344 2665 alienas,
1360 2615 1458 2681 nonno

336 2706 498 2783 periculum
519 2711 578 2776 cst,
602 2724 639 2763 ne
657 2704 750 2762 falsae
769 2704 923 2780 opiniones
942 2682 974 2761 in
994 2724 1029 2762 ea
1049 2705 1192 2779 irrepant,
1220 2723 1294 2781 quae
1313 2705 1350 2762 de
1369 2708 1457 2765 rebus

338 2815 462 2875 Graecis
477 2816 595 2874 aliunde
608 2814 795 2874 habuerimus
806 2821 968 2891 comperta,
991 2814 1048 2873 nisi
1059 2814 1237 2891 inquiratur,
1253 2835 1321 2872 num
1333 2816 1458 2875 oraculis

337 2926 486 2985 fidendum
502 2926 559 2985 sit?
592 2926 639 2985 Ab
659 2927 752 2984 altera
771 2932 860 3001 parte
874 2942 958 2984 sacra
972 2925 1030 2983 ista
1045 2925 1143 3001 poesis
1158 2933 1188 2983 et
1201 2926 1358 3003 Porphyrii
1374 2946 1458 2984 enar-

338 3038 413 3096 ratio
428 3038 551 3094 multum
566 3035 718 3095 conferunt
731 3035 768 3093 ad
782 3036 1002 3112 perspiciendas
1017 3035 1053 3093 de
1068 3037 1155 3095 rebus
1167 3036 1272 3095 divinis
1284 3038 1457 3107 sententias,

338 3167 414 3225 quae
428 3147 639 3224 posterioribus
654 3145 776 3206 Graecis
790 3145 908 3205 fuerint.
937 3145 1021 3204 Haec
1034 3152 1132 3203 autem
1146 3146 1244 3204 omnia
1258 3153 1289 3204 ut
1303 3165 1458 3223 perseque-

338 3278 399 3328 rer,
428 3258 599 3335 ambagibus
621 3256 794 3333 quibusdam
816 3274 889 3332 opus
912 3263 988 3326 erat,
1017 3256 1190 3331 praesertim
1213 3274 1301 3331 quum
1322 3256 1459 3314 deessent

339 3370 415 3438 fere,
439 3387 560 3444 quorum
575 3388 664 3445 opera
679 3368 788 3425 niterer
802 3373 831 3425 et
845 3365 1032 3437 auctoritate,
1054 3365 1097 3424 ita
1111 3373 1144 3423 ut
1157 3365 1194 3423 ad
1209 3385 1259 3441 ea,
1285 3384 1359 3441 quae
1373 3366 1458 3441 quasi

340 3487 553 3549 construerem,
577 3479 664 3537 etiam
685 3478 872 3536 fundamenta
889 3477 1061 3554 plerumque
1080 3476 1151 3534 mihi
1171 3475 1228 3551 ipsi
1244 3483 1344 3549 essent
1358 3476 1458 3533 adiici-

340 3590 425 3647 enda.
463 3588 564 3647 Adfuit
585 3588 679 3647 labori
699 3608 763 3647 meo
787 3590 935 3666 Augustus
955 3586 1121 3657 Nauckins‚
1147 3585 1301 3644 familiaris
1321 3586 1457 3661 optimus,

340 3700 386 3757 cui
402 3698 543 3756 maximas
558 3699 668 3776 gratias
683 3719 752 3777 ago,
775 3698 852 3774 quod
871 3706 902 3757 et
920 3696 1051 3756 doctrina
1069 3716 1123 3757 sua
1141 3716 1188 3755 me
1202 3695 1313 3754 adiuvit
1332 3702 1361 3753 et
1375 3701 1458 3773 typo-

339 3813 485 3869 thetarum
501 3827 613 3868 errores
628 3828 742 3869 mecum
756 3808 928 3868 emendavit.
