3592 5400
830 530 922 574 mn
941 531 963 574 ι.
1347 480 1351 487 ’
1399 516 1456 574 125

336 685 528 764 interrogatio
543 684 681 743 distincte
696 685 860 742 indicantur
874 693 905 742 et
919 685 988 762 quin
1006 685 1079 742 haec
1098 684 1288 762 interrogatio
1308 691 1368 743 tam
1389 685 1458 744 sim-

336 798 408 874 plex
430 805 491 868 est,
512 804 545 853 ut
566 796 760 872 posteriorum
783 803 944 872 temporum
967 795 1054 864 mori,
1078 795 1193 871 qualem
1213 795 1389 853 Plutarchus
1409 796 1458 853 de·

337 907 450 985 pinxit,
472 907 580 982 optime
595 906 757 964 conveniat.
784 906 885 982 Ipsum
906 907 1022 982 quidem
1037 924 1209 980 responsum
1228 905 1266 962 ad
1286 924 1332 963 rm
1351 906 1458 964 multos

339 1027 369 1076 et
389 1019 487 1075 varias
508 1025 537 1074 et
556 1018 593 1075 ab
614 1016 842 1094 interrogatione
856 1017 969 1075 alienas
983 1017 1059 1086 abit3
1082 1016 1139 1074 sed·
1153 1016 1209 1073 hoc
1228 1034 1342 1092 quoque
1360 1023 1458 1092 poste-

339 1129 418 1186 riore
437 1134 533 1185 aetate
552 1127 641 1186 moris
662 1134 739 1197 erat,
760 1128 839 1184 velut
858 1128 1006 1185 oraculum
1021 1124 1172 1185 Oenomao
1188 1124 1269 1184 Clari
1289 1126 1389 1184 datum
1411 1145 1458 1185 res

339 1259 358 1296 a
372 1237 523 1316 proposito
538 1237 735 1295 alienissimus
749 1238 864 1314 poetica
879 1237 963 1313 copia
977 1237 1096 1312 exsequi
1110 1256 1139 1312 p.
1154 1237 1192 1295 82
1208 1237 1342 1296 vidimus.
1372 1235 1459 1296 Simi-

339 1349 409 1406 liter
423 1348 510 1406 inscr.
527 1347 579 1406 Gr.
597 1347 695 1416 5772,
717 1348 881 1418 oraculum,
904 1347 979 1423 quod
996 1347 1175 1424 Goettlingio
1190 1347 1365 1423 Delphicum
1381 1347 1459 1405 vide-

340 1466 402 1529 tur,
423 1457 488 1514 loca
506 1456 621 1514 inferna
640 1457 739 1514 multis
759 1455 908 1516 describit.
939 1457 1025 1531 Quod
1045 1457 1164 1515 numina
1183 1458 1308 1515 barbara
1327 1457 1459 1517 versibus

340 1567 497 1645 postremis
524 1574 797 1637 commemorentur,
818 1586 876 1625 non
902 1567 1057 1626 mirabitur
1081 1569 1130 1642 qui
1156 1568 1320 1626 meminerit
1341 1569 1460 1626 Iaoncm

341 1677 458 1736 oraculo
475 1676 572 1736 Clario
588 1696 654 1735 esse
669 1677 877 1754 praedicatum.
909 1676 954 1736 cf.
971 1696 1060 1753 supra
1075 1697 1104 1754 p.
1118 1678 1169 1736 51.
1201 1678 1287 1751 Quod
1299 1667 1380 1770 Ἥρη
1395 1698 1460 1736 cum

339 1781 403 1870 ἠέρι
427 1794 625 1864 comparetur,
650 1787 688 1843 ad
709 1785 837 1846 Stoicum
863 1787 1083 1845 Platonicumve
1108 1797 1254 1846 auctorem
1276 1789 1372 1866 possit
1394 1808 1460 1865 per·

341 1898 462 1956 ducere:
489 1911 520 1954 at
546 1916 603 1955 non
629 1917 648 1954 a
672 1896 855 1975 philosophis
882 1905 994 1956 tontum
1020 1897 1103 1955 deam
1131 1917 1164 1956 eo
1190 1899 1312 1956 relatam
1335 1917 1401 1957 esse
1423 1899 1461 1958 ad

340 2028 366 2066 v.
382 2010 423 2067 44
439 2006 507 2066 dixi.

405 2117 615 2195 interroganti,
636 2137 704 2175 num
719 2117 872 2175 iurandum
888 2124 982 2189 esset,
1004 2117 1150 2176 oraculum
1171 2117 1359 2196 respondisse
1373 2119 1462 2185 simul

340 2228 472 2298 videtur,
492 2228 634 2303 quomodo
656 2236 736 2287 esset
756 2227 927 2300 iurandum,
948 2228 978 2285 id
999 2237 1045 2287 est
1063 2249 1116 2305 per
1134 2231 1213 2289 solos
1232 2231 1330 2288 Iovem
1349 2229 1461 2309 Apolli·

340 2357 481 2415 nemque;
496 2357 550 2413 per
563 2339 655 2409 hunc,
671 2339 739 2413 quia
754 2340 851 2396 omnia
862 2339 1024 2397 illustraret
1035 2346 1065 2396 et
1075 2340 1199 2410 videret,
1216 2360 1270 2418 per
1278 2341 1377 2411 illum,
1392 2340 1462 2417 quia

341 2448 417 2506 nihil
438 2454 537 2525 ageret
561 2446 618 2506 nisi
640 2454 671 2505 ut
686 2455 790 2505 cuncta
803 2449 989 2526 gubernaret.
1017 2449 1063 2506 Ita
1083 2457 1161 2507 certe
1180 2470 1276 2508 rerum
1292 2470 1396 2509 nerum
1416 2449 1461 2507 in·

340 2557 460 2635 tellego.
483 2558 579 2634 Atque
594 2559 773 2635 temporibus
788 2558 865 2628 illis,
887 2560 1007 2633 quibus,
1028 2578 1097 2617 num
1117 2560 1158 2616 dii
1174 2568 1274 2619 essent
1292 2562 1385 2637 etqui
1400 2579 1461 2619 cer-

340 2667 450 2729 tissimi
465 2675 574 2738 essent,
591 2667 724 2729 dubitare
738 2668 872 2728 homines
888 2676 1057 2746 cooperunt,
1072 2669 1216 2747 imprimis
1231 2670 1311 2729 anxii
1326 2671 1362 2729 de
1376 2671 1461 2730 iuris·

340 2777 459 2837 iurandi
472 2779 585 2837 ratione
599 2780 787 2855 quaerebant.
811 2780 856 2837 Ita
870 2780 902 2837 in
920 2781 1000 2837 anth.
1013 2781 1109 2840 Palat.
1123 2784 1170 2840 14.
1181 2782 1230 2840 tt.
1244 2782 1341 2840 tom.2
1359 2801 1389 2858 p.
1399 2782 1460 2841 566

341 2890 401 2948 Iac.
417 2883 549 2971 χρησμὸς
564 2873 683 2967 (δοθεὶς)
700 2883 885 2971 ἐρωτήσαντι
901 2879 1059 2973 Ῥουρίνῳ,
1081 2894 1144 2961 πῶς
1162 2883 1252 2970 λάβοι
1273 2886 1360 2974 ὅρκον
1380 2886 1462 2975 παρά

340 3001 398 3056 τοῦ
414 2982 489 3055 ἰδίου
504 2992 686 3080 ναυκλήρου,
701 3006 833 3059 servatus
848 3007 894 3059 est
907 3000 1047 3059 tredecim
1058 3003 1191 3061 versibus
1202 3002 1376 3080 procedens,
1392 3020 1462 3080 quo·

1127 3107 1141 3128 ‘l

340 3128 406 3167 rum
421 3108 518 3165 ultimi
533 3116 615 3166 sunt:
1124 3130 1211 3196 ορκον

429 3212 552 3300 οὐρανὸν
567 3211 718 3301 ὀμνυέτω,
733 3211 827 3301 χθόνα
841 3210 868 3276 τ’
880 3210 1011 3278 ἄσπετον
1025 3206 1072 3285 ἠδ’
1087 3217 1160 3291 άλὸς
1175 3216 1295 3306 ὅρμους,

429 3320 557 3410 αἰθερίου
571 3344 607 3385 τε
621 3324 712 3410 πυρὸς
727 3313 894 3411 βιοδολτορα
909 3328 1079 3414 ἡγεμονῆα·

427 3441 512 3495 τοῖον
526 3431 583 3520 γάρ
599 3430 667 3496 θεὸν
683 3432 750 3516 (scr.
768 3431 839 3517 θεοὶ)
855 3434 942 3521 ὅρκον
957 3434 1014 3497 ὑπὸ
1030 3434 1230 3523 στομάτεσσιν
1245 3429 1357 3512 ἀτίζειν

429 3531 491 3604 οὐδ’
507 3544 593 3605 αὐτοὶ
606 3546 757 3631 τολμῶσιν
774 3542 860 3628 (pone
875 3543 1011 3628 incisum)
1027 3545 1169 3634 ἀγάνορες
1183 3543 1377 3635 Οὐρανίωνες.

406 3659 517 3717 Euseb.
532 3679 578 3735 pr.
594 3678 637 3717 ev.
653 3660 707 3717 HI.
727 3662 774 3718 14.
792 3663 809 3719 3
825 3680 855 3737 p.
869 3662 909 3719 74
926 3658 1028 3737 Steph.
1043 3680 1072 3737 p.
1089 3662 1181 3719 1230.
1196 3662 1309 3739 Vigor:

412 3756 504 3832 ’Ἄκουε
516 3763 584 3829 γοῦν,
598 3757 665 3820 ὅπως
679 3758 692 3811 ὁ
705 3759 838 3813 Ἀπόλλων
851 3760 925 3822 αὖτὀς
939 3762 992 3833 περὶ
1004 3761 1091 3814 ἑαυτοῦ
1105 3759 1211 3815 διδάσκει
1223 3764 1308 3833 θμνον,
1324 3762 1352 3815 δν
1364 3762 1395 3825 είς
1408 3763 1462 3816 {cu-

342 3852 386 3905 τδν
399 3850 525 3922 ἐξέδωκεν,
543 3850 676 3922 ὁμολογῶν
689 3852 713 3904 ἐν
727 3853 802 3924 Δήλῳ
816 3860 844 3924 τῇ
857 3856 926 3923 νήσῳ
945 3854 992 3907 ὑπὸ
1005 3858 1098 3921 Λητοῦς
1115 3858 1284 3926 γεγεννῆσθαι,
1302 3858 1343 3908 καὶ
1358 3856 1431 3909 πάλιν
1448 3856 1461 3909 ὁ

342 3944 495 4010 Ἀσκληπιὸς
507 3944 531 3995 ἐν
544 3945 651 4014 Τρίκκῃ,
664 3943 697 4007 ὡς
710 3946 751 3997 καὶ
763 3946 867 4017 Ἑρμῆς,
880 3948 993 4018 τετέχθαι
1005 3946 1139 4020 ὁμολογῶν
1152 3949 1200 4001 ἀπδ
1213 3954 1255 4017 τῆς
1266 3951 1354 4011 Μαίας.
1377 3948 1463 4021 γράφει

343 4038 370 4090 δὲ
384 4036 397 4089 ὁ
410 4038 549 4108 Πυρρίριος
562 4038 692 4089 καὶταῦτα
707 4036 732 4089 ἐν
745 4033 780 4099 οἷς
797 4036 920 4110 ἐπέγραψε
935 4042 990 4112 περλ
1001 4043 1061 4108 τῆςῘ
1078 4040 1105 4094 ἐκ
1122 4042 1214 4112 λογίων
1232 4043 1390 4114 φιλοσοφίας,
1406 4042 1463 4095 ἔνθα

343 4132 384 4183 καλ
397 4133 447 4182 τῶν
460 4134 581 4201 χρησμῶν
594 4128 769 4202 ἐμνημόνευσεν
782 4125 834 4183 ὧδέ
843 4151 895 4193 πως
908 4132 1030 4203 ἐχόντων·

376 4226 429 4289 48.
474 4212 541 4287 Ὦ1
556 4226 635 4317 μέγα
649 4226 771 4291 τεοῖσιν3
789 4226 890 4317 χάρμα
906 4228 1073 4318 βροτοῖσιν4

414 4462 423 4495 ¹
445 4465 486 4527 τῆς
498 4478 550 4515 om.
563 4462 618 4517 Au.

414 4545 425 4579 ³
444 4563 457 4596 ν
468 4547 547 4599 metri
558 4563 639 4599 causa
650 4546 740 4598 adieci.
