3592 5400
303 470 304 474 ¹
372 484 413 546 56
607 503 703 545 csrur
717 501 758 545 ιν.
782 501 823 542 nn
840 500 1045 544 oancononuu
1060 500 1261 544 corrosione.

373 659 513 719 Panaetio
534 679 562 735 p.
578 653 663 715 7let
680 658 748 715 117.
779 656 954 714 Panaetium
975 654 1195 714 Posidonius
1215 657 1395 731 Apamensis
1414 659 1497 732 andi·

373 778 468 840 verat,
484 769 534 845 qui
550 767 719 851 Ciceronem
735 787 761 824 a.
777 769 814 826 78
832 766 929 825 Rhodi
944 767 1051 825 docuit.
1081 766 1237 824 Librorum
1252 767 1316 825 eins
1331 767 1368 824 de
1384 768 1498 826 divina·

373 881 467 952 tione,
483 898 604 956 quorum
616 878 749 954 quintum
761 878 849 954 Diog.
861 878 916 936 La.
931 879 959 936 7.
976 879 1033 936 149
1050 885 1271 948 commemorat,
1288 876 1394 938 Cicero
1409 880 1498 938 ratio·

373 1011 441 1049 nem
455 993 543 1050 habet
558 990 594 1048 de
608 990 666 1048 div.
679 992 693 1048 l
706 990 755 1047 57.
770 991 819 1048 30.
835 990 864 1047 II
879 989 926 1047 15.
941 989 996 1059 35;
1011 989 1060 1046 21.
1075 990 1125 1046 47.
1148 989 1195 1047 De
1210 989 1354 1050 damnosa
1368 991 1499 1050 siderum

372 1103 404 1160 in
424 1102 557 1159 homines
577 1101 606 1157 vi
625 1119 672 1176 ap.
685 1100 839 1158 Boethium
861 1100 897 1156 de
918 1099 974 1157 diis
994 1107 1023 1156 et
1043 1099 1301 1175 praesensionibus
1322 1121 1351 1177 p.
1366 1102 1429 1160 355
1451 1103 1497 1161 ed.

372 1213 459 1271 Hasii
473 1211 614 1288 disputat.
638 1213 729 1270 Plura
744 1212 780 1268 de
794 1230 828 1269 eo
844 1211 970 1268 Mueller
983 1210 1018 1267 fr.
1031 1210 1100 1268 hist.
1114 1209 1166 1269 Gr.
1178 1211 1222 1268 Ill
1236 1230 1266 1285 p.
1281 1211 1352 1270 245.

436 1325 584 1380 Zenonem
600 1322 741 1398 primum,
757 1330 819 1379 tum
835 1320 1009 1379 Cleanthem
1023 1322 1148 1379 Athenis
1165 1319 1348 1398 Sphaerus
1363 1322 1498 1399 Bospho-

374 1453 462 1492 ranus
484 1432 608 1503 audivit,
632 1432 856 1508 Peripateticus
896 1433 1078 1491 Versabatur
1100 1432 1278 1507 aliquamdiu
1300 1433 1499 1492 Alexandriae

374 1545 451 1620 apud
470 1543 548 1601 Ptol.
571 1543 806 1619 Philopatorem,
834 1543 1056 1601 Lacedaemone
1078 1543 1154 1619 apud
1176 1541 1364 1601 Cleomenem
1387 1564 1497 1622 regem,
1559 1532 1561 1538 ⁸

375 1765 434 1822 alia
449 1764 582 1840 scripsit,
598 1771 659 1820 tum
675 1781 704 1820 π.
721 1768 866 1846 μαντικῆς
882 1756 981 1841 (Diog.
993 1764 1048 1822 La.
1063 1765 1091 1820 7.
1107 1758 1189 1841 177).

439 1874 552 1950 Corpus
569 1874 749 1933 oraculorum
764 1875 889 1932 fortasse
904 1875 941 1931 ab
957 1875 1151 1950 Apollonio
1168 1873 1189 1933 S
1195 1895 1258 1951 yro
1274 1876 1425 1935 conditum
1442 1886 1497 1936 est.

376 1985 523 2062 Spartian.
544 1985 595 2042 vit.
611 1985 755 2043 Hadriani
769 1986 802 2043 2:
828 1984 958 2058 „Habuit
974 1994 1071 2042 autem
1087 1977 1213 2063 (Hadri
1230 1989 1500 2064 praesumptionem

375 2097 489 2173 imperii
517 2116 583 2154 mox
612 2096 716 2166 futuri,
748 2115 784 2152 ex
812 2095 881 2153 fano
912 2115 1026 2171 quoque
1052 2096 1223 2173 Nicephorii
1252 2098 1329 2157 Iouis
1359 2108 1500 2157 manante

374 2226 529 2284 responso,
556 2207 633 2283 quod
655 2205 827 2281 Apollonius
851 2203 943 2281 Syrus
963 2207 1133 2264 Platonicus
1161 2207 1244 2265 libris
1271 2209 1332 2266 suis
1360 2209 1497 2269 indidit.“

374 2317 442 2375 Nisi
466 2318 542 2374 forte
563 2316 737 2400 Apollonius
759 2317 927 2391 Tyanensis
952 2317 1147 2394 significatur,
1174 2317 1253 2375 inter
1279 2319 1361 2378 cuius
1388 2321 1500 2396 scripta

375 2426 481 2487 Suidas
504 2428 591 2484 etiam
615 2427 732 2484 oracula
753 2434 969 2486 commemorat.
1001 2429 1106 2504 Tyana
1126 2429 1230 2486 saltem
1251 2448 1343 2507 prope
1364 2431 1500 2489 meridio-

375 2539 458 2597 nales
474 2537 676 2615 Cappadociae
697 2537 836 2595 terminos
858 2537 916 2596 sita
931 2546 1028 2609 erant,
1049 2538 1258 2615 Nicephorium
1279 2540 1310 2597 in
1329 2540 1397 2618 ipsa
1413 2540 1501 2620 Syria

374 2669 464 2729 prope
480 2649 634 2709 Edessam.

440 2760 501 2821 Sub
521 2762 621 2819 eodem
636 2760 787 2845 Hadriano
803 2741 1008 2819 Oenomaus
1024 2759 1205 2821 Gadarensis
1225 2763 1333 2840 viguit,
1354 2763 1500 2843 Diogenis

376 2870 548 2948 Sinopensis
569 2872 670 2929 simius
692 2864 830 2950 (Meinek.
853 2872 883 2929 in
898 2873 1005 2930 Athen.
1024 2890 1103 2948 spec.
1119 2876 1133 2931 1
1150 2893 1180 2949 p.
1193 2874 1233 2932 47
1246 2867 1305 2951 sq.)
1311 2918 1320 2945 ,
1341 2876 1409 2952 qui,
1431 2878 1501 2935 dum

375 2982 492 3040 oracula
508 2982 603 3040 omnia
618 2985 648 3038 in
663 2982 754 3040 risum
769 2984 870 3053 vertit,
890 2984 1037 3060 permulta
1057 2983 1205 3061 congessit
1224 2986 1332 3060 partim
1352 2986 1390 3044 ab
1405 2986 1500 3046 Hero·

376 3093 443 3151 doto
458 3092 597 3167 aliisque,
621 3093 728 3169 partim
743 3095 779 3152 ab
795 3093 859 3169 ipso
876 3094 938 3152 solo
954 3102 1080 3152 servata.
1110 3094 1245 3171 Namque
1261 3090 1382 3179 γοήτων
1398 3092 1500 3181 φωρᾶν

376 3201 406 3261 ἐν
429 3197 527 3280 οἰκείῳ
548 3196 761 3287 συγγράμματι
781 3198 980 3287 πεποιημένος
1000 3198 1121 3282 (Euseb.
1135 3226 1179 3283 pr.
1192 3225 1236 3263 ev.
1248 3206 1283 3263 V.
1300 3210 1337 3265 18
1353 3228 1383 3283 p.
1398 3210 1459 3268 209
1472 3230 1498 3267 a.

375 3306 470 3393 Vig.),
492 3314 608 3372 oracula
623 3334 680 3373 non
696 3333 762 3374 esse
776 3334 794 3373 a
809 3316 866 3375 diis
882 3317 964 3385 data,
986 3316 1038 3373 sed
1052 3317 1090 3373 ab
1104 3316 1271 3376 hominibus
1286 3318 1355 3375 ficta
1373 3322 1511 3395 probare

375 3425 487 3484 studuit
501 3418 648 3504 (Euseb.).-
667 3418 826 3512 Συνήγαγε
844 3410 876 3483 δὲ
893 3412 971 3510 (τοὺς
982 3414 1137 3512 χρησμοὺς)
1154 3424 1189 3483 od
1201 3421 1292 3509 μόνον
1304 3426 1320 3484 ὁ
1332 3421 1501 3513 Πορφύρνος
1540 3480 1544 3486 ,

375 3535 406 3595 ἐν
419 3541 483 3605 τοῖς
497 3554 527 3594 π.
543 3556 570 3595 τ.
586 3535 620 3595 ἐκ
635 3532 745 3621 λογίων
761 3535 835 3619 pah,
857 3531 939 3595 ἀλλὰ
959 3532 1041 3593 καὶὸ
1062 3531 1179 3606 κυνικὸς
1194 3530 1361 3621 Οἰνόμαος,
1383 3524 1500 3625 διελέγ-

375 3663 435 3728 χων
449 3650 510 3705 τῶν
525 3641 741 3731 χρησμολόγων
756 3643 792 3706 τὸ
809 3632 918 3729 ψεῦδος
935 3643 1122 3727 (Theodoret.
1135 3648 1188 3709 Gr.
1201 3649 1298 3707 effect.
1311 3658 1408 3708 sanat.
1420 3652 1498 3729 disp.

375 3756 415 3815 X.
439 3764 508 3816 tom.
525 3760 555 3815 4.
579 3778 607 3834 p.
625 3760 685 3817 963
710 3760 754 3817 ed.
779 3752 936 3838 Schulzii),
964 3767 1120 3835 postquam
1147 3760 1212 3836 ipse
1234 3760 1383 3837 Apollinis
1406 3760 1498 3820 Clarii

375 3867 524 3943 responsis
540 3869 677 3944 deceptus
693 3877 747 3927 est.
772 3867 850 3943 Quid
865 3870 955 3947 igitur
969 3870 1090 3946 mirum,
1105 3871 1182 3947 quod
1193 3871 1325 3930 lulianus
1340 3871 1500 3949 imperator

377 3968 461 4054 (orat.
476 3978 504 4035 7.
518 3970 591 4056 210)
607 3979 733 4049 nesciat,
749 3988 819 4054 quot
834 3981 865 4037 in
881 4000 945 4038 eum
962 3981 1041 4039 diras
1056 3981 1251 4057 imprecetur?

571 4171 639 4246 Qui
661 4175 876 4233 somniorum
900 4178 1047 4235 oracula
1068 4178 1320 4236 tractaverint.

439 4311 467 4369 A
481 4308 601 4386 reliquis
617 4311 742 4374 oraculis
757 4312 835 4369 haud
855 4315 1003 4371 commode
1024 4334 1074 4386 ea,
1097 4333 1171 4391 quae
1192 4316 1404 4375 dormientibus
1425 4318 1499 4376 obti-

376 4428 494 4498 gerunt,
521 4422 633 4480 secerni
653 4428 790 4499 possunt;
818 4442 884 4479 nam
908 4430 939 4480 et
960 4423 1128 4502 philosophi
1148 4433 1178 4482 et
1198 4445 1291 4483 rerum
1311 4427 1498 4504 antiquarum

378 4528 534 4606 scriptores
549 4539 702 4609 utrumque
716 4552 807 4611 genus
823 4534 928 4592 iisdem
943 4536 1234 4595 commentationibus
1250 4538 1403 4613 complecti
1423 4539 1498 4597 sole·
