<?xml version="1.0" encoding="UTF-8"?>
<!DOCTYPE html PUBLIC "-//W3C//DTD XHTML 1.0 Transitional//EN"
    "http://www.w3.org/TR/xhtml1/DTD/xhtml1-transitional.dtd">
<html xmlns="http://www.w3.org/1999/xhtml" xml:lang="en" lang="en">
 <head>
  <title>
</title>
<meta http-equiv="Content-Type" content="text/html;charset=utf-8" />
  <meta name='ocr-system' content='tesseract 3.04.00' />
  <meta name='ocr-capabilities' content='ocr_page ocr_carea ocr_par ocr_line ocrx_word'/>
</head>
<body>
  <div class='ocr_page' id='page_1' title='image "./pamphletsonaris00porpgoog_0137.png"; bbox 0 0 3592 5400; ppageno 0'>
   <div class='ocr_carea' id='block_1_1' title="bbox 498 514 1392 578">
    <p class='ocr_par' dir='ltr' id='par_1_1' title="bbox 498 514 1392 578">
     <span class='ocr_line' id='line_1_1' title="bbox 498 514 1392 578; baseline 0.003 -3"><span class='ocrx_word' id='word_1_1' title='bbox 498 533 595 575; x_wconf 80' lang='lat' dir='ltr'>carur</span> <span class='ocrx_word' id='word_1_2' title='bbox 608 535 642 576; x_wconf 87' lang='lat' dir='ltr'>u.</span> <span class='ocrx_word' id='word_1_3' title='bbox 664 534 706 576; x_wconf 82' lang='lat' dir='ltr'>nn</span> <span class='ocrx_word' id='word_1_4' title='bbox 720 533 877 576; x_wconf 79' lang='lat' dir='ltr'>amnonun</span> <span class='ocrx_word' id='word_1_5' title='bbox 890 534 1001 576; x_wconf 75' lang='lat' dir='ltr'>nomn.</span> <span class='ocrx_word' id='word_1_6' title='bbox 1018 535 1170 578; x_wconf 73' lang='lat' dir='ltr'>ramosa.</span> <span class='ocrx_word' id='word_1_7' title='bbox 1351 514 1392 578; x_wconf 87' lang='grc'>33</span> 
     </span>
    </p>
   </div>
   <div class='ocr_carea' id='block_1_2' title="bbox 266 687 1394 3313">
    <p class='ocr_par' dir='ltr' id='par_1_2' title="bbox 269 687 1393 1320">
     <span class='ocr_line' id='line_1_2' title="bbox 271 687 1393 766; baseline 0.004 -22"><span class='ocrx_word' id='word_1_8' title='bbox 271 688 347 745; x_wconf 93' lang='lat' dir='ltr'>nihil</span> <span class='ocrx_word' id='word_1_9' title='bbox 366 687 426 746; x_wconf 85' lang='lat' dir='ltr'>nisi</span> <span class='ocrx_word' id='word_1_10' title='bbox 446 706 541 745; x_wconf 87' lang='lat' dir='ltr'>rernm</span> <span class='ocrx_word' id='word_1_11' title='bbox 562 697 685 747; x_wconf 87' lang='lat' dir='ltr'>naturae</span> <span class='ocrx_word' id='word_1_12' title='bbox 703 689 789 766; x_wconf 85' lang='lat' dir='ltr'>signa</span> <span class='ocrx_word' id='word_1_13' title='bbox 808 707 873 747; x_wconf 88' lang='lat' dir='ltr'>esse</span> <span class='ocrx_word' id='word_1_14' title='bbox 894 697 964 745; x_wconf 92' lang='lat' dir='ltr'>tunc</span> <span class='ocrx_word' id='word_1_15' title='bbox 983 689 1153 760; x_wconf 70' lang='lat' dir='ltr'>crediderit,</span> <span class='ocrx_word' id='word_1_16' title='bbox 1179 692 1322 766; x_wconf 90' lang='lat' dir='ltr'>quomodo</span> <span class='ocrx_word' id='word_1_17' title='bbox 1341 710 1393 749; x_wconf 92' lang='lat' dir='ltr'>no·</span> 
     </span>
     <span class='ocr_line' id='line_1_3' title="bbox 271 798 1393 876; baseline 0.004 -19"><span class='ocrx_word' id='word_1_18' title='bbox 271 799 353 857; x_wconf 87' lang='lat' dir='ltr'>mina</span> <span class='ocrx_word' id='word_1_19' title='bbox 366 798 408 856; x_wconf 91' lang='lat' dir='ltr'>sit</span> <span class='ocrx_word' id='word_1_20' title='bbox 422 799 558 869; x_wconf 86' lang='lat' dir='ltr'>rimatus,</span> <span class='ocrx_word' id='word_1_21' title='bbox 579 819 638 875; x_wconf 91' lang='lat' dir='ltr'>qua</span> <span class='ocrx_word' id='word_1_22' title='bbox 656 799 746 856; x_wconf 87' lang='lat' dir='ltr'>animi</span> <span class='ocrx_word' id='word_1_23' title='bbox 767 800 964 858; x_wconf 85' lang='lat' dir='ltr'>sollicitudine</span> <span class='ocrx_word' id='word_1_24' title='bbox 986 808 1016 856; x_wconf 93' lang='lat' dir='ltr'>et</span> <span class='ocrx_word' id='word_1_25' title='bbox 1029 818 1122 876; x_wconf 91' lang='lat' dir='ltr'>paene</span> <span class='ocrx_word' id='word_1_26' title='bbox 1136 800 1231 858; x_wconf 88' lang='lat' dir='ltr'>dicam</span> <span class='ocrx_word' id='word_1_27' title='bbox 1246 801 1393 862; x_wconf 70' lang='lat' dir='ltr'>anxietate</span> 
     </span>
     <span class='ocr_line' id='line_1_4' title="bbox 271 909 1391 989; baseline 0.004 -22"><span class='ocrx_word' id='word_1_28' title='bbox 271 909 426 967; x_wconf 85' lang='lat' dir='ltr'>veritatem</span> <span class='ocrx_word' id='word_1_29' title='bbox 436 909 511 968; x_wconf 87' lang='lat' dir='ltr'>alias</span> <span class='ocrx_word' id='word_1_30' title='bbox 522 909 610 967; x_wconf 87' lang='lat' dir='ltr'>aliter</span> <span class='ocrx_word' id='word_1_31' title='bbox 619 911 811 986; x_wconf 83' lang='lat' dir='ltr'>quaesiuerit,</span> <span class='ocrx_word' id='word_1_32' title='bbox 824 911 906 968; x_wconf 84' lang='lat' dir='ltr'>velut</span> <span class='ocrx_word' id='word_1_33' title='bbox 916 911 1048 968; x_wconf 91' lang='lat' dir='ltr'>umbram</span> <span class='ocrx_word' id='word_1_34' title='bbox 1058 910 1190 988; x_wconf 83' lang='lat' dir='ltr'>fugacem</span> <span class='ocrx_word' id='word_1_35' title='bbox 1202 931 1391 989; x_wconf 89' lang='lat' dir='ltr'>persequens.</span> 
     </span>
     <span class='ocr_line' id='line_1_5' title="bbox 271 1021 1392 1100; baseline 0.004 -21"><span class='ocrx_word' id='word_1_36' title='bbox 271 1021 372 1079; x_wconf 90' lang='lat' dir='ltr'>Etiam</span> <span class='ocrx_word' id='word_1_37' title='bbox 388 1021 544 1078; x_wconf 90' lang='lat' dir='ltr'>simulacra</span> <span class='ocrx_word' id='word_1_38' title='bbox 558 1027 705 1097; x_wconf 88' lang='lat' dir='ltr'>postremo</span> <span class='ocrx_word' id='word_1_39' title='bbox 720 1021 827 1079; x_wconf 86' lang='lat' dir='ltr'>abiecit</span> <span class='ocrx_word' id='word_1_40' title='bbox 841 1028 870 1078; x_wconf 95' lang='lat' dir='ltr'>et</span> <span class='ocrx_word' id='word_1_41' title='bbox 881 1021 982 1079; x_wconf 90' lang='lat' dir='ltr'>missis</span> <span class='ocrx_word' id='word_1_42' title='bbox 993 1029 1143 1098; x_wconf 89' lang='lat' dir='ltr'>poetarum</span> <span class='ocrx_word' id='word_1_43' title='bbox 1156 1023 1392 1100; x_wconf 88' lang='lat' dir='ltr'>sculptorumque</span> 
     </span>
     <span class='ocr_line' id='line_1_6' title="bbox 270 1131 1393 1212; baseline 0.004 -23"><span class='ocrx_word' id='word_1_44' title='bbox 270 1139 402 1189; x_wconf 86' lang='lat' dir='ltr'>vetorum</span> <span class='ocrx_word' id='word_1_45' title='bbox 418 1131 540 1190; x_wconf 91' lang='lat' dir='ltr'>somniis</span> <span class='ocrx_word' id='word_1_46' title='bbox 554 1131 590 1188; x_wconf 86' lang='lat' dir='ltr'>ud</span> <span class='ocrx_word' id='word_1_47' title='bbox 605 1151 728 1202; x_wconf 86' lang='lat' dir='ltr'>numen,</span> <span class='ocrx_word' id='word_1_48' title='bbox 745 1132 826 1190; x_wconf 91' lang='lat' dir='ltr'>cuius</span> <span class='ocrx_word' id='word_1_49' title='bbox 841 1140 946 1190; x_wconf 88' lang='lat' dir='ltr'>natura</span> <span class='ocrx_word' id='word_1_50' title='bbox 959 1132 1047 1190; x_wconf 86' lang='lat' dir='ltr'>etiam</span> <span class='ocrx_word' id='word_1_51' title='bbox 1058 1151 1164 1191; x_wconf 91' lang='lat' dir='ltr'>nomen</span> <span class='ocrx_word' id='word_1_52' title='bbox 1175 1134 1393 1212; x_wconf 73' lang='lat' dir='ltr'>orationemque</span> 
     </span>
     <span class='ocr_line' id='line_1_7' title="bbox 269 1241 818 1320; baseline 0.007 -22"><span class='ocrx_word' id='word_1_53' title='bbox 269 1241 401 1319; x_wconf 87' lang='lat' dir='ltr'>fugeret,</span> <span class='ocrx_word' id='word_1_54' title='bbox 418 1242 570 1320; x_wconf 83' lang='lat' dir='ltr'>cogitando</span> <span class='ocrx_word' id='word_1_55' title='bbox 586 1242 683 1300; x_wconf 81' lang='lat' dir='ltr'>efferri</span> <span class='ocrx_word' id='word_1_56' title='bbox 699 1242 818 1302; x_wconf 83' lang='lat' dir='ltr'>studuit.</span> 
     </span>
    </p>

    <p class='ocr_par' dir='ltr' id='par_1_3' title="bbox 266 1353 1394 3313">
     <span class='ocr_line' id='line_1_8' title="bbox 336 1353 1393 1434; baseline 0.002 -22"><span class='ocrx_word' id='word_1_57' title='bbox 336 1353 528 1412; x_wconf 50' lang='lat' dir='ltr'>Utrmentem</span> <span class='ocrx_word' id='word_1_58' title='bbox 550 1354 680 1429; x_wconf 88' lang='lat' dir='ltr'>corporis</span> <span class='ocrx_word' id='word_1_59' title='bbox 701 1353 824 1412; x_wconf 86' lang='lat' dir='ltr'>vinculis</span> <span class='ocrx_word' id='word_1_60' title='bbox 848 1372 935 1430; x_wconf 86' lang='lat' dir='ltr'>quarn</span> <span class='ocrx_word' id='word_1_61' title='bbox 957 1354 1081 1411; x_wconf 84' lang='lat' dir='ltr'>maxime</span> <span class='ocrx_word' id='word_1_62' title='bbox 1103 1355 1256 1426; x_wconf 89' lang='lat' dir='ltr'>liberaret,</span> <span class='ocrx_word' id='word_1_63' title='bbox 1284 1354 1393 1434; x_wconf 88' lang='lat' dir='ltr'>Orphi-</span> 
     </span>
     <span class='ocr_line' id='line_1_9' title="bbox 271 1455 1393 1548; baseline 0.004 -28"><span class='ocrx_word' id='word_1_64' title='bbox 271 1483 372 1521; x_wconf 88' lang='lat' dir='ltr'>corum</span> <span class='ocrx_word' id='word_1_65' title='bbox 394 1463 472 1521; x_wconf 88' lang='lat' dir='ltr'>victu</span> <span class='ocrx_word' id='word_1_66' title='bbox 494 1465 642 1534; x_wconf 87' lang='lat' dir='ltr'>utebatur,</span> <span class='ocrx_word' id='word_1_67' title='bbox 666 1484 753 1541; x_wconf 91' lang='lat' dir='ltr'>quem</span> <span class='ocrx_word' id='word_1_68' title='bbox 775 1472 912 1540; x_wconf 85' lang='lat' dir='ltr'>quattuor</span> <span class='ocrx_word' id='word_1_69' title='bbox 931 1483 962 1522; x_wconf 85' lang='grc' dir='ltr'>π.</span> <span class='ocrx_word' id='word_1_70' title='bbox 984 1462 1100 1548; x_wconf 79' lang='grc' dir='ltr'>ἀποχῆς</span> <span class='ocrx_word' id='word_1_71' title='bbox 1121 1455 1263 1548; x_wconf 68' lang='grc' dir='ltr'>ἐμψύχων</span> <span class='ocrx_word' id='word_1_72' title='bbox 1284 1467 1393 1525; x_wconf 67' lang='lat' dir='ltr'>libris‘</span> 
     </span>
     <span class='ocr_line' id='line_1_10' title="bbox 271 1570 1392 1647; baseline 0.004 -16"><span class='ocrx_word' id='word_1_73' title='bbox 271 1574 363 1632; x_wconf 88' lang='lat' dir='ltr'>etiarn</span> <span class='ocrx_word' id='word_1_74' title='bbox 383 1570 526 1632; x_wconf 80' lang='lat' dir='ltr'>Castricio</span> <span class='ocrx_word' id='word_1_75' title='bbox 546 1575 645 1632; x_wconf 85' lang='lat' dir='ltr'>Firmo</span> <span class='ocrx_word' id='word_1_76' title='bbox 666 1576 890 1646; x_wconf 83' lang='lat' dir='ltr'>commendavit,</span> <span class='ocrx_word' id='word_1_77' title='bbox 912 1575 984 1633; x_wconf 90' lang='lat' dir='ltr'>iuris</span> <span class='ocrx_word' id='word_1_78' title='bbox 1005 1577 1151 1647; x_wconf 89' lang='lat' dir='ltr'>consulto,</span> <span class='ocrx_word' id='word_1_79' title='bbox 1176 1577 1286 1636; x_wconf 91' lang='lat' dir='ltr'>Plotini</span> <span class='ocrx_word' id='word_1_80' title='bbox 1306 1578 1392 1636; x_wconf 88' lang='lat' dir='ltr'>disci·</span> 
     </span>
     <span class='ocr_line' id='line_1_11' title="bbox 266 1677 1394 1766; baseline 0.007 -27"><span class='ocrx_word' id='word_1_81' title='bbox 266 1686 342 1761; x_wconf 89' lang='lat' dir='ltr'>pulo</span> <span class='ocrx_word' id='word_1_82' title='bbox 364 1692 395 1742; x_wconf 86' lang='lat' dir='ltr'>et</span> <span class='ocrx_word' id='word_1_83' title='bbox 415 1685 551 1742; x_wconf 85' lang='lat' dir='ltr'>familiari</span> <span class='ocrx_word' id='word_1_84' title='bbox 576 1677 636 1762; x_wconf 89' lang='lat' dir='ltr'>(vit.</span> <span class='ocrx_word' id='word_1_85' title='bbox 653 1686 730 1744; x_wconf 91' lang='lat' dir='ltr'>Plot.</span> <span class='ocrx_word' id='word_1_86' title='bbox 746 1678 787 1764; x_wconf 82' lang='grc'>7).</span> <span class='ocrx_word' id='word_1_87' title='bbox 832 1687 929 1760; x_wconf 80' lang='lat' dir='ltr'>Quum</span> <span class='ocrx_word' id='word_1_88' title='bbox 951 1687 982 1742; x_wconf 93' lang='lat' dir='ltr'>in</span> <span class='ocrx_word' id='word_1_89' title='bbox 1005 1687 1184 1745; x_wconf 86' lang='lat' dir='ltr'>oraculorum</span> <span class='ocrx_word' id='word_1_90' title='bbox 1207 1689 1394 1766; x_wconf 84' lang='lat' dir='ltr'>philosophia</span> 
     </span>
     <span class='ocr_line' id='line_1_12' title="bbox 271 1796 1392 1873; baseline 0.003 -19"><span class='ocrx_word' id='word_1_91' title='bbox 271 1797 432 1854; x_wconf 89' lang='lat' dir='ltr'>secundum</span> <span class='ocrx_word' id='word_1_92' title='bbox 454 1796 572 1854; x_wconf 87' lang='lat' dir='ltr'>deornm</span> <span class='ocrx_word' id='word_1_93' title='bbox 598 1796 820 1855; x_wconf 84' lang='lat' dir='ltr'>vaticinationes</span> <span class='ocrx_word' id='word_1_94' title='bbox 845 1797 1056 1873; x_wconf 81' lang='lat' dir='ltr'>praecepisset,</span> <span class='ocrx_word' id='word_1_95' title='bbox 1084 1817 1158 1873; x_wconf 89' lang='lat' dir='ltr'>quae</span> <span class='ocrx_word' id='word_1_96' title='bbox 1179 1799 1313 1855; x_wconf 87' lang='lat' dir='ltr'>victimae</span> <span class='ocrx_word' id='word_1_97' title='bbox 1336 1799 1392 1858; x_wconf 88' lang='lat' dir='ltr'>diis</span> 
     </span>
     <span class='ocr_line' id='line_1_13' title="bbox 272 1905 1393 1985; baseline 0.003 -22"><span class='ocrx_word' id='word_1_98' title='bbox 272 1913 376 1965; x_wconf 87' lang='lat' dir='ltr'>essent</span> <span class='ocrx_word' id='word_1_99' title='bbox 390 1907 562 1964; x_wconf 85' lang='lat' dir='ltr'>mactandae</span> <span class='ocrx_word' id='word_1_100' title='bbox 567 1950 575 1977; x_wconf 92' lang='lat'>,</span> <span class='ocrx_word' id='word_1_101' title='bbox 597 1905 627 1963; x_wconf 94' lang='lat' dir='ltr'>in</span> <span class='ocrx_word' id='word_1_102' title='bbox 644 1926 689 1983; x_wconf 86' lang='lat' dir='ltr'>ep.</span> <span class='ocrx_word' id='word_1_103' title='bbox 705 1907 743 1964; x_wconf 88' lang='lat' dir='ltr'>ad</span> <span class='ocrx_word' id='word_1_104' title='bbox 756 1908 927 1964; x_wconf 87' lang='lat' dir='ltr'>Anehonem</span> <span class='ocrx_word' id='word_1_105' title='bbox 943 1907 1121 1978; x_wconf 81' lang='lat' dir='ltr'>dubitasset,</span> <span class='ocrx_word' id='word_1_106' title='bbox 1142 1926 1179 1964; x_wconf 91' lang='lat' dir='ltr'>an</span> <span class='ocrx_word' id='word_1_107' title='bbox 1201 1909 1320 1985; x_wconf 86' lang='lat' dir='ltr'>sanguis</span> <span class='ocrx_word' id='word_1_108' title='bbox 1341 1909 1393 1966; x_wconf 91' lang='lat' dir='ltr'>ho·</span> 
     </span>
     <span class='ocr_line' id='line_1_14' title="bbox 271 2016 1392 2094; baseline 0.002 -19"><span class='ocrx_word' id='word_1_109' title='bbox 271 2017 411 2087; x_wconf 84' lang='lat' dir='ltr'>etiarnm,</span> <span class='ocrx_word' id='word_1_110' title='bbox 431 2035 523 2094; x_wconf 84' lang='lat' dir='ltr'>vapor</span> <span class='ocrx_word' id='word_1_111' title='bbox 541 2018 762 2087; x_wconf 87' lang='lat' dir='ltr'>sacrificiorum,</span> <span class='ocrx_word' id='word_1_112' title='bbox 791 2016 961 2075; x_wconf 90' lang='lat' dir='ltr'>animalium</span> <span class='ocrx_word' id='word_1_113' title='bbox 983 2024 1161 2075; x_wconf 88' lang='lat' dir='ltr'>mortuorum</span> <span class='ocrx_word' id='word_1_114' title='bbox 1182 2037 1303 2094; x_wconf 86' lang='lat' dir='ltr'>corpora</span> <span class='ocrx_word' id='word_1_115' title='bbox 1322 2020 1392 2077; x_wconf 89' lang='lat' dir='ltr'>deos</span> 
     </span>
     <span class='ocr_line' id='line_1_15' title="bbox 272 2127 1392 2204; baseline 0.001 -20"><span class='ocrx_word' id='word_1_116' title='bbox 272 2128 439 2202; x_wconf 82' lang='lat' dir='ltr'>polluerent</span> <span class='ocrx_word' id='word_1_117' title='bbox 448 2129 649 2204; x_wconf 87' lang='lat' dir='ltr'>violarentque</span> <span class='ocrx_word' id='word_1_118' title='bbox 655 2171 664 2198; x_wconf 93' lang='lat'>,</span> <span class='ocrx_word' id='word_1_119' title='bbox 680 2128 816 2204; x_wconf 89' lang='lat' dir='ltr'>quoniam</span> <span class='ocrx_word' id='word_1_120' title='bbox 828 2147 865 2185; x_wconf 91' lang='lat' dir='ltr'>ne</span> <span class='ocrx_word' id='word_1_121' title='bbox 877 2127 1075 2186; x_wconf 87' lang='lat' dir='ltr'>sacerdotibus</span> <span class='ocrx_word' id='word_1_122' title='bbox 1088 2128 1203 2204; x_wconf 85' lang='lat' dir='ltr'>quidem</span> <span class='ocrx_word' id='word_1_123' title='bbox 1216 2146 1303 2186; x_wconf 90' lang='lat' dir='ltr'>carne</span> <span class='ocrx_word' id='word_1_124' title='bbox 1313 2130 1392 2188; x_wconf 86' lang='lat' dir='ltr'>vesci</span> 
     </span>
     <span class='ocr_line' id='line_1_16' title="bbox 272 2231 1392 2317; baseline 0.004 -23"><span class='ocrx_word' id='word_1_125' title='bbox 272 2238 376 2295; x_wconf 85' lang='lat' dir='ltr'>liceret</span> <span class='ocrx_word' id='word_1_126' title='bbox 396 2231 510 2316; x_wconf 82' lang='lat' dir='ltr'>(lambl.</span> <span class='ocrx_word' id='word_1_127' title='bbox 523 2239 559 2296; x_wconf 92' lang='lat' dir='ltr'>de</span> <span class='ocrx_word' id='word_1_128' title='bbox 573 2246 660 2314; x_wconf 88' lang='lat' dir='ltr'>myst.</span> <span class='ocrx_word' id='word_1_129' title='bbox 674 2239 702 2296; x_wconf 83' lang='lat'>5.</span> <span class='ocrx_word' id='word_1_130' title='bbox 720 2232 762 2317; x_wconf 87' lang='lat' dir='ltr'>l),</span> <span class='ocrx_word' id='word_1_131' title='bbox 783 2239 813 2296; x_wconf 94' lang='lat' dir='ltr'>in</span> <span class='ocrx_word' id='word_1_132' title='bbox 833 2239 917 2297; x_wconf 91' lang='lat' dir='ltr'>libris</span> <span class='ocrx_word' id='word_1_133' title='bbox 938 2239 974 2296; x_wconf 91' lang='lat' dir='ltr'>de</span> <span class='ocrx_word' id='word_1_134' title='bbox 993 2239 1172 2297; x_wconf 87' lang='lat' dir='ltr'>abstinentia</span> <span class='ocrx_word' id='word_1_135' title='bbox 1192 2239 1290 2297; x_wconf 88' lang='lat' dir='ltr'>omnia</span> <span class='ocrx_word' id='word_1_136' title='bbox 1310 2239 1392 2298; x_wconf 89' lang='lat' dir='ltr'>victi·</span> 
     </span>
     <span class='ocr_line' id='line_1_17' title="bbox 272 2349 1394 2428; baseline 0.003 -23"><span class='ocrx_word' id='word_1_137' title='bbox 272 2368 385 2405; x_wconf 89' lang='lat' dir='ltr'>marum</span> <span class='ocrx_word' id='word_1_138' title='bbox 398 2349 541 2407; x_wconf 86' lang='lat' dir='ltr'>sacrificia</span> <span class='ocrx_word' id='word_1_139' title='bbox 552 2350 652 2407; x_wconf 92' lang='lat' dir='ltr'>multis</span> <span class='ocrx_word' id='word_1_140' title='bbox 664 2351 843 2427; x_wconf 81' lang='lat' dir='ltr'>argumentis</span> <span class='ocrx_word' id='word_1_141' title='bbox 855 2350 1042 2426; x_wconf 87' lang='lat' dir='ltr'>impugnavit.</span> <span class='ocrx_word' id='word_1_142' title='bbox 1060 2351 1123 2408; x_wconf 91' lang='lat' dir='ltr'>Hos</span> <span class='ocrx_word' id='word_1_143' title='bbox 1133 2350 1221 2428; x_wconf 90' lang='lat' dir='ltr'>igitur</span> <span class='ocrx_word' id='word_1_144' title='bbox 1228 2350 1318 2408; x_wconf 85' lang='lat' dir='ltr'>libros</span> <span class='ocrx_word' id='word_1_145' title='bbox 1326 2357 1394 2426; x_wconf 89' lang='lat' dir='ltr'>post</span> 
     </span>
     <span class='ocr_line' id='line_1_18' title="bbox 271 2460 1392 2537; baseline 0.002 -22"><span class='ocrx_word' id='word_1_146' title='bbox 271 2460 380 2534; x_wconf 85' lang='lat' dir='ltr'>philos.</span> <span class='ocrx_word' id='word_1_147' title='bbox 398 2478 490 2518; x_wconf 89' lang='lat' dir='ltr'>oracc.</span> <span class='ocrx_word' id='word_1_148' title='bbox 507 2467 537 2517; x_wconf 90' lang='lat' dir='ltr'>et</span> <span class='ocrx_word' id='word_1_149' title='bbox 556 2467 624 2536; x_wconf 88' lang='lat' dir='ltr'>post</span> <span class='ocrx_word' id='word_1_150' title='bbox 637 2461 722 2536; x_wconf 88' lang='lat' dir='ltr'>epist.</span> <span class='ocrx_word' id='word_1_151' title='bbox 744 2460 781 2517; x_wconf 91' lang='lat' dir='ltr'>ad</span> <span class='ocrx_word' id='word_1_152' title='bbox 796 2461 889 2518; x_wconf 81' lang='lat' dir='ltr'>Aueb.</span> <span class='ocrx_word' id='word_1_153' title='bbox 912 2460 1045 2536; x_wconf 79' lang='lat' dir='ltr'>scripsit,</span> <span class='ocrx_word' id='word_1_154' title='bbox 1066 2461 1117 2518; x_wconf 92' lang='lat' dir='ltr'>sed</span> <span class='ocrx_word' id='word_1_155' title='bbox 1137 2467 1292 2537; x_wconf 90' lang='lat' dir='ltr'>antequam</span> <span class='ocrx_word' id='word_1_156' title='bbox 1313 2461 1392 2517; x_wconf 90' lang='lat' dir='ltr'>Mar·</span> 
     </span>
     <span class='ocr_line' id='line_1_19' title="bbox 272 2570 1392 2655; baseline 0.001 -29"><span class='ocrx_word' id='word_1_157' title='bbox 272 2571 377 2628; x_wconf 90' lang='lat' dir='ltr'>cellam</span> <span class='ocrx_word' id='word_1_158' title='bbox 392 2570 424 2626; x_wconf 94' lang='lat' dir='ltr'>in</span> <span class='ocrx_word' id='word_1_159' title='bbox 439 2570 653 2628; x_wconf 84' lang='lat' dir='ltr'>matrimonium</span> <span class='ocrx_word' id='word_1_160' title='bbox 668 2571 763 2640; x_wconf 86' lang='lat' dir='ltr'>duxit,</span> <span class='ocrx_word' id='word_1_161' title='bbox 780 2571 923 2646; x_wconf 88' lang='lat' dir='ltr'>siquidem</span> <span class='ocrx_word' id='word_1_162' title='bbox 938 2571 975 2626; x_wconf 93' lang='lat' dir='ltr'>de</span> <span class='ocrx_word' id='word_1_163' title='bbox 987 2571 1064 2628; x_wconf 86' lang='lat' dir='ltr'>abst.</span> <span class='ocrx_word' id='word_1_164' title='bbox 1078 2572 1106 2627; x_wconf 89' lang='grc'>4.</span> <span class='ocrx_word' id='word_1_165' title='bbox 1120 2571 1160 2628; x_wconf 72' lang='lat'>20</span> <span class='ocrx_word' id='word_1_166' title='bbox 1171 2571 1264 2655; x_wconf 86' lang='lat' dir='ltr'>virum</span> <span class='ocrx_word' id='word_1_167' title='bbox 1276 2571 1392 2646; x_wconf 89' lang='lat' dir='ltr'>sapien·</span> 
     </span>
     <span class='ocr_line' id='line_1_20' title="bbox 272 2679 1392 2757; baseline 0.001 -19"><span class='ocrx_word' id='word_1_168' title='bbox 272 2689 332 2739; x_wconf 91' lang='lat' dir='ltr'>tem</span> <span class='ocrx_word' id='word_1_169' title='bbox 348 2681 488 2741; x_wconf 86' lang='lat' dir='ltr'>caelibem</span> <span class='ocrx_word' id='word_1_170' title='bbox 503 2700 568 2740; x_wconf 89' lang='lat' dir='ltr'>esse</span> <span class='ocrx_word' id='word_1_171' title='bbox 582 2681 718 2740; x_wconf 88' lang='lat' dir='ltr'>iusserat.</span> <span class='ocrx_word' id='word_1_172' title='bbox 742 2681 788 2739; x_wconf 83' lang='lat' dir='ltr'>Ad</span> <span class='ocrx_word' id='word_1_173' title='bbox 803 2699 878 2757; x_wconf 84' lang='lat' dir='ltr'>quae</span> <span class='ocrx_word' id='word_1_174' title='bbox 892 2681 959 2757; x_wconf 90' lang='lat' dir='ltr'>ipsa</span> <span class='ocrx_word' id='word_1_175' title='bbox 972 2681 1060 2739; x_wconf 87' lang='lat' dir='ltr'>verba</span> <span class='ocrx_word' id='word_1_176' title='bbox 1074 2681 1103 2737; x_wconf 90' lang='lat' dir='ltr'>in</span> <span class='ocrx_word' id='word_1_177' title='bbox 1119 2679 1205 2757; x_wconf 85' lang='lat' dir='ltr'>epist.</span> <span class='ocrx_word' id='word_1_178' title='bbox 1221 2681 1258 2738; x_wconf 88' lang='lat' dir='ltr'>ad</span> <span class='ocrx_word' id='word_1_179' title='bbox 1274 2699 1392 2739; x_wconf 84' lang='lat' dir='ltr'>uxorem</span> 
     </span>
     <span class='ocr_line' id='line_1_21' title="bbox 272 2792 1391 2869; baseline 0 -20"><span class='ocrx_word' id='word_1_180' title='bbox 272 2792 405 2862; x_wconf 89' lang='lat' dir='ltr'>exordio,</span> <span class='ocrx_word' id='word_1_181' title='bbox 426 2811 462 2850; x_wconf 92' lang='lat' dir='ltr'>ne</span> <span class='ocrx_word' id='word_1_182' title='bbox 477 2792 691 2851; x_wconf 84' lang='lat' dir='ltr'>inconstantiae</span> <span class='ocrx_word' id='word_1_183' title='bbox 706 2800 889 2869; x_wconf 78' lang='lat' dir='ltr'>argueretur,</span> <span class='ocrx_word' id='word_1_184' title='bbox 909 2793 1023 2849; x_wconf 91' lang='lat' dir='ltr'>videtur</span> <span class='ocrx_word' id='word_1_185' title='bbox 1036 2792 1216 2869; x_wconf 85' lang='lat' dir='ltr'>respexisse,</span> <span class='ocrx_word' id='word_1_186' title='bbox 1237 2792 1287 2849; x_wconf 90' lang='lat' dir='ltr'>ubi</span> <span class='ocrx_word' id='word_1_187' title='bbox 1302 2792 1391 2849; x_wconf 88' lang='lat' dir='ltr'>veluti</span> 
     </span>
     <span class='ocr_line' id='line_1_22' title="bbox 273 2894 1392 2982; baseline 0.001 -23"><span class='ocrx_word' id='word_1_188' title='bbox 273 2921 391 2961; x_wconf 82' lang='lat' dir='ltr'>causam</span> <span class='ocrx_word' id='word_1_189' title='bbox 406 2894 506 2961; x_wconf 86' lang='lat' dir='ltr'>dicens</span> <span class='ocrx_word' id='word_1_190' title='bbox 521 2910 608 2982; x_wconf 87' lang='lat' dir='ltr'>negat</span> <span class='ocrx_word' id='word_1_191' title='bbox 623 2922 654 2961; x_wconf 90' lang='lat' dir='ltr'>se</span> <span class='ocrx_word' id='word_1_192' title='bbox 669 2903 801 2961; x_wconf 91' lang='lat' dir='ltr'>libidinis</span> <span class='ocrx_word' id='word_1_193' title='bbox 817 2922 906 2961; x_wconf 85' lang='lat' dir='ltr'>causa</span> <span class='ocrx_word' id='word_1_194' title='bbox 921 2922 1037 2961; x_wconf 86' lang='lat' dir='ltr'>uxorem</span> <span class='ocrx_word' id='word_1_195' title='bbox 1053 2903 1184 2973; x_wconf 87' lang='lat' dir='ltr'>duxisse,</span> <span class='ocrx_word' id='word_1_196' title='bbox 1208 2904 1259 2962; x_wconf 88' lang='lat' dir='ltr'>sed</span> <span class='ocrx_word' id='word_1_197' title='bbox 1274 2911 1307 2960; x_wconf 93' lang='lat' dir='ltr'>ut</span> <span class='ocrx_word' id='word_1_198' title='bbox 1321 2921 1392 2980; x_wconf 91' lang='lat' dir='ltr'>pau·</span> 
     </span>
     <span class='ocr_line' id='line_1_23' title="bbox 271 3013 1392 3090; baseline -0.001 -19"><span class='ocrx_word' id='word_1_199' title='bbox 271 3013 352 3090; x_wconf 87' lang='lat' dir='ltr'>peris</span> <span class='ocrx_word' id='word_1_200' title='bbox 372 3014 460 3072; x_wconf 92' lang='lat' dir='ltr'>amici</span> <span class='ocrx_word' id='word_1_201' title='bbox 479 3014 593 3071; x_wconf 86' lang='lat' dir='ltr'>viduam</span> <span class='ocrx_word' id='word_1_202' title='bbox 613 3014 724 3071; x_wconf 86' lang='lat' dir='ltr'>iuvaret</span> <span class='ocrx_word' id='word_1_203' title='bbox 744 3022 773 3072; x_wconf 93' lang='lat' dir='ltr'>et</span> <span class='ocrx_word' id='word_1_204' title='bbox 792 3022 824 3071; x_wconf 89' lang='lat' dir='ltr'>ut</span> <span class='ocrx_word' id='word_1_205' title='bbox 838 3014 990 3072; x_wconf 90' lang='lat' dir='ltr'>mulierem</span> <span class='ocrx_word' id='word_1_206' title='bbox 1004 3014 1207 3090; x_wconf 88' lang='lat' dir='ltr'>philosophiae</span> <span class='ocrx_word' id='word_1_207' title='bbox 1221 3014 1392 3072; x_wconf 83' lang='lat' dir='ltr'>Platonicae</span> 
     </span>
     <span class='ocr_line' id='line_1_24' title="bbox 272 3123 1392 3203; baseline -0.001 -21"><span class='ocrx_word' id='word_1_208' title='bbox 272 3123 517 3182; x_wconf 87' lang='lat' dir='ltr'>studiosissimam</span> <span class='ocrx_word' id='word_1_209' title='bbox 538 3124 701 3199; x_wconf 87' lang='lat' dir='ltr'>sapientum</span> <span class='ocrx_word' id='word_1_210' title='bbox 723 3125 856 3183; x_wconf 90' lang='lat' dir='ltr'>doctrina</span> <span class='ocrx_word' id='word_1_211' title='bbox 876 3125 969 3203; x_wconf 86' lang='lat' dir='ltr'>magis</span> <span class='ocrx_word' id='word_1_212' title='bbox 990 3125 1140 3202; x_wconf 83' lang='lat' dir='ltr'>magisque</span> <span class='ocrx_word' id='word_1_213' title='bbox 1154 3124 1306 3182; x_wconf 88' lang='lat' dir='ltr'>imbueret.</span> <span class='ocrx_word' id='word_1_214' title='bbox 1335 3126 1392 3182; x_wconf 88' lang='lat' dir='ltr'>Ita·</span> 
     </span>
     <span class='ocr_line' id='line_1_25' title="bbox 273 3234 1391 3313; baseline -0.001 -21"><span class='ocrx_word' id='word_1_215' title='bbox 273 3254 330 3311; x_wconf 91' lang='lat' dir='ltr'>que</span> <span class='ocrx_word' id='word_1_216' title='bbox 357 3236 393 3292; x_wconf 93' lang='lat' dir='ltr'>de</span> <span class='ocrx_word' id='word_1_217' title='bbox 420 3234 600 3293; x_wconf 89' lang='lat' dir='ltr'>abstinentia</span> <span class='ocrx_word' id='word_1_218' title='bbox 631 3235 757 3305; x_wconf 90' lang='lat' dir='ltr'>videtur,</span> <span class='ocrx_word' id='word_1_219' title='bbox 784 3255 873 3313; x_wconf 91' lang='lat' dir='ltr'>quum</span> <span class='ocrx_word' id='word_1_220' title='bbox 895 3235 1007 3293; x_wconf 91' lang='lat' dir='ltr'>Plotini</span> <span class='ocrx_word' id='word_1_221' title='bbox 1032 3234 1232 3292; x_wconf 85' lang='lat' dir='ltr'>familiaritate</span> <span class='ocrx_word' id='word_1_222' title='bbox 1253 3241 1391 3305; x_wconf 89' lang='lat' dir='ltr'>uteretur,</span> 
     </span>
    </p>
   </div>
   <div class='ocr_carea' id='block_1_3' title="bbox 273 3343 1490 3431">
    <p class='ocr_par' dir='ltr' id='par_1_4' title="bbox 273 3343 1490 3431">
     <span class='ocr_line' id='line_1_26' title="bbox 273 3343 1490 3431; baseline -0.002 -28"><span class='ocrx_word' id='word_1_223' title='bbox 273 3344 445 3421; x_wconf 86' lang='lat' dir='ltr'>scripsisse,</span> <span class='ocrx_word' id='word_1_224' title='bbox 467 3344 505 3401; x_wconf 86' lang='lat' dir='ltr'>ad</span> <span class='ocrx_word' id='word_1_225' title='bbox 525 3346 602 3421; x_wconf 90' lang='lat' dir='ltr'>quod</span> <span class='ocrx_word' id='word_1_226' title='bbox 622 3353 735 3423; x_wconf 91' lang='lat' dir='ltr'>tempus</span> <span class='ocrx_word' id='word_1_227' title='bbox 755 3346 802 3403; x_wconf 91' lang='lat' dir='ltr'>vel</span> <span class='ocrx_word' id='word_1_228' title='bbox 822 3346 963 3416; x_wconf 89' lang='lat' dir='ltr'>hominis,</span> <span class='ocrx_word' id='word_1_229' title='bbox 986 3346 1023 3402; x_wconf 86' lang='lat' dir='ltr'>ad</span> <span class='ocrx_word' id='word_1_230' title='bbox 1045 3363 1135 3419; x_wconf 90' lang='lat' dir='ltr'>quem·</span> <span class='ocrx_word' id='word_1_231' title='bbox 1150 3343 1242 3402; x_wconf 89' lang='lat' dir='ltr'>libros</span> <span class='ocrx_word' id='word_1_232' title='bbox 1261 3344 1392 3413; x_wconf 89' lang='lat' dir='ltr'>miserat,</span> <span class='ocrx_word' id='word_1_233' title='bbox 1485 3421 1490 3431; x_wconf 29' lang='lat' dir='ltr'><em>s</em></span> 
     </span>
    </p>
   </div>
   <div class='ocr_carea' id='block_1_4' title="bbox 272 3456 1394 3976">
    <p class='ocr_par' dir='ltr' id='par_1_5' title="bbox 272 3456 605 3532">
     <span class='ocr_line' id='line_1_27' title="bbox 272 3456 605 3532; baseline 0.003 -20"><span class='ocrx_word' id='word_1_234' title='bbox 272 3474 381 3513; x_wconf 90' lang='lat' dir='ltr'>nomen</span> <span class='ocrx_word' id='word_1_235' title='bbox 395 3473 448 3514; x_wconf 92' lang='lat' dir='ltr'>nos</span> <span class='ocrx_word' id='word_1_236' title='bbox 463 3456 605 3532; x_wconf 86' lang='lat' dir='ltr'>perducit.</span> 
     </span>
    </p>

    <p class='ocr_par' dir='ltr' id='par_1_6' title="bbox 273 3551 1394 3976">
     <span class='ocr_line' id='line_1_28' title="bbox 337 3551 1392 3643; baseline -0.001 -19"><span class='ocrx_word' id='word_1_237' title='bbox 337 3551 447 3624; x_wconf 74' lang='lat' dir='ltr'>Tribus</span> <span class='ocrx_word' id='word_1_238' title='bbox 461 3566 562 3635; x_wconf 90' lang='lat' dir='ltr'>aunis,</span> <span class='ocrx_word' id='word_1_239' title='bbox 579 3585 651 3641; x_wconf 91' lang='lat' dir='ltr'>quos</span> <span class='ocrx_word' id='word_1_240' title='bbox 667 3567 696 3623; x_wconf 94' lang='lat' dir='ltr'>in</span> <span class='ocrx_word' id='word_1_241' title='bbox 714 3561 816 3625; x_wconf 85' lang='lat' dir='ltr'>Sicilia</span> <span class='ocrx_word' id='word_1_242' title='bbox 830 3567 950 3643; x_wconf 83' lang='lat' dir='ltr'>egebat,</span> <span class='ocrx_word' id='word_1_243' title='bbox 967 3563 1131 3641; x_wconf 88' lang='lat' dir='ltr'>quindecim</span> <span class='ocrx_word' id='word_1_244' title='bbox 1147 3562 1238 3622; x_wconf 92' lang='lat' dir='ltr'>libros</span> <span class='ocrx_word' id='word_1_245' title='bbox 1252 3564 1392 3623; x_wconf 83' lang='lat' dir='ltr'>adversus</span> 
     </span>
     <span class='ocr_line' id='line_1_29' title="bbox 274 3670 1391 3753; baseline -0.002 -18"><span class='ocrx_word' id='word_1_246' title='bbox 274 3675 461 3735; x_wconf 88' lang='lat' dir='ltr'>Christianos</span> <span class='ocrx_word' id='word_1_247' title='bbox 482 3676 571 3733; x_wconf 90' lang='lat' dir='ltr'>edidit</span> <span class='ocrx_word' id='word_1_248' title='bbox 589 3670 709 3753; x_wconf 79' lang='lat' dir='ltr'>(Euseb.</span> <span class='ocrx_word' id='word_1_249' title='bbox 725 3677 795 3735; x_wconf 88' lang='lat' dir='ltr'>eccl.</span> <span class='ocrx_word' id='word_1_250' title='bbox 811 3676 880 3736; x_wconf 87' lang='lat' dir='ltr'>hist.</span> <span class='ocrx_word' id='word_1_251' title='bbox 899 3677 926 3735; x_wconf 86' lang='grc'>6.</span> <span class='ocrx_word' id='word_1_252' title='bbox 944 3677 980 3734; x_wconf 86' lang='grc'>19</span> <span class='ocrx_word' id='word_1_253' title='bbox 996 3696 1025 3751; x_wconf 92' lang='lat' dir='ltr'>p.</span> <span class='ocrx_word' id='word_1_254' title='bbox 1039 3675 1100 3733; x_wconf 77' lang='lat'>420</span> <span class='ocrx_word' id='word_1_255' title='bbox 1115 3674 1219 3733; x_wconf 91' lang='lat' dir='ltr'>Zimm.</span> <span class='ocrx_word' id='word_1_256' title='bbox 1237 3675 1391 3753; x_wconf 84' lang='lat' dir='ltr'>Angustia.</span> 
     </span>
     <span class='ocr_line' id='line_1_30' title="bbox 273 3780 1392 3866; baseline -0.002 -22"><span class='ocrx_word' id='word_1_257' title='bbox 273 3788 432 3845; x_wconf 68' lang='lat' dir='ltr'>retracti.</span> <span class='ocrx_word' id='word_1_258' title='bbox 449 3789 496 3845; x_wconf 85' lang='lat'>13.</span> <span class='ocrx_word' id='word_1_259' title='bbox 509 3787 634 3862; x_wconf 86' lang='lat' dir='ltr'>Niceph.</span> <span class='ocrx_word' id='word_1_260' title='bbox 647 3788 676 3845; x_wconf 78' lang='lat'>5.</span> <span class='ocrx_word' id='word_1_261' title='bbox 693 3780 758 3866; x_wconf 84' lang='lat'>13),</span> <span class='ocrx_word' id='word_1_262' title='bbox 778 3806 851 3862; x_wconf 91' lang='lat' dir='ltr'>quos</span> <span class='ocrx_word' id='word_1_263' title='bbox 866 3806 892 3845; x_wconf 87' lang='lat' dir='ltr'>a.</span> <span class='ocrx_word' id='word_1_264' title='bbox 907 3787 968 3844; x_wconf 85' lang='grc'>435</span> <span class='ocrx_word' id='word_1_265' title='bbox 984 3784 1167 3844; x_wconf 80' lang='lat' dir='ltr'>Theodosius</span> <span class='ocrx_word' id='word_1_266' title='bbox 1186 3785 1263 3842; x_wconf 87' lang='lat' dir='ltr'>alter</span> <span class='ocrx_word' id='word_1_267' title='bbox 1277 3803 1392 3843; x_wconf 90' lang='lat' dir='ltr'>concre-</span> 
     </span>
     <span class='ocr_line' id='line_1_31' title="bbox 273 3896 1394 3976; baseline -0.001 -22"><span class='ocrx_word' id='word_1_268' title='bbox 273 3897 397 3955; x_wconf 82' lang='lat' dir='ltr'>mandos</span> <span class='ocrx_word' id='word_1_269' title='bbox 413 3898 532 3956; x_wconf 85' lang='lat' dir='ltr'>curavit.</span> <span class='ocrx_word' id='word_1_270' title='bbox 547 3897 667 3976; x_wconf 83' lang='lat' dir='ltr'>Horum</span> <span class='ocrx_word' id='word_1_271' title='bbox 684 3898 756 3954; x_wconf 91' lang='lat' dir='ltr'>libro</span> <span class='ocrx_word' id='word_1_272' title='bbox 772 3898 830 3955; x_wconf 91' lang='lat' dir='ltr'>XII</span> <span class='ocrx_word' id='word_1_273' title='bbox 845 3897 1066 3954; x_wconf 89' lang='lat' dir='ltr'>vaticinationes</span> <span class='ocrx_word' id='word_1_274' title='bbox 1083 3896 1217 3953; x_wconf 89' lang='lat' dir='ltr'>Danielis</span> <span class='ocrx_word' id='word_1_275' title='bbox 1233 3896 1348 3972; x_wconf 88' lang='lat' dir='ltr'>spurias</span> <span class='ocrx_word' id='word_1_276' title='bbox 1364 3902 1394 3953; x_wconf 92' lang='lat' dir='ltr'>et</span> 
     </span>
    </p>
   </div>
   <div class='ocr_carea' id='block_1_5' title="bbox 273 4059 1393 4625">
    <p class='ocr_par' dir='ltr' id='par_1_7' title="bbox 273 4059 1393 4385">
     <span class='ocr_line' id='line_1_32' title="bbox 273 4059 1393 4131; baseline -0.004 -17"><span class='ocrx_word' id='word_1_277' title='bbox 273 4078 290 4114; x_wconf 86' lang='lat' dir='ltr'>a</span> <span class='ocrx_word' id='word_1_278' title='bbox 308 4062 470 4131; x_wconf 85' lang='lat' dir='ltr'>sapientibus</span> <span class='ocrx_word' id='word_1_279' title='bbox 488 4060 627 4129; x_wconf 84' lang='lat' dir='ltr'>aliquando</span> <span class='ocrx_word' id='word_1_280' title='bbox 646 4061 797 4129; x_wconf 84' lang='lat' dir='ltr'>excogitata</span> <span class='ocrx_word' id='word_1_281' title='bbox 813 4065 840 4111; x_wconf 92' lang='lat' dir='ltr'>et</span> <span class='ocrx_word' id='word_1_282' title='bbox 856 4059 963 4112; x_wconf 85' lang='lat' dir='ltr'>inventa</span> <span class='ocrx_word' id='word_1_283' title='bbox 984 4076 1042 4112; x_wconf 90' lang='lat' dir='ltr'>esse</span> <span class='ocrx_word' id='word_1_284' title='bbox 1066 4060 1223 4123; x_wconf 88' lang='lat' dir='ltr'>censuisset,</span> <span class='ocrx_word' id='word_1_285' title='bbox 1246 4060 1301 4128; x_wconf 88' lang='lat' dir='ltr'>ipse</span> <span class='ocrx_word' id='word_1_286' title='bbox 1323 4059 1393 4127; x_wconf 91' lang='lat' dir='ltr'>prin-</span> 
     </span>
     <span class='ocr_line' id='line_1_33' title="bbox 273 4143 1393 4216; baseline -0.004 -18"><span class='ocrx_word' id='word_1_287' title='bbox 273 4147 362 4216; x_wconf 90' lang='lat' dir='ltr'>cipum</span> <span class='ocrx_word' id='word_1_288' title='bbox 385 4148 546 4215; x_wconf 89' lang='lat' dir='ltr'>sculptorum</span> <span class='ocrx_word' id='word_1_289' title='bbox 568 4146 669 4197; x_wconf 88' lang='lat' dir='ltr'>animos</span> <span class='ocrx_word' id='word_1_290' title='bbox 691 4145 853 4214; x_wconf 86' lang='lat' dir='ltr'>praedicaret</span> <span class='ocrx_word' id='word_1_291' title='bbox 874 4146 999 4197; x_wconf 90' lang='lat' dir='ltr'>instinctu</span> <span class='ocrx_word' id='word_1_292' title='bbox 1027 4145 1114 4196; x_wconf 83' lang='lat' dir='ltr'>divino</span> <span class='ocrx_word' id='word_1_293' title='bbox 1138 4160 1196 4196; x_wconf 91' lang='lat' dir='ltr'>esse</span> <span class='ocrx_word' id='word_1_294' title='bbox 1219 4143 1336 4206; x_wconf 83' lang='lat' dir='ltr'>afflatos,</span> <span class='ocrx_word' id='word_1_295' title='bbox 1363 4159 1393 4194; x_wconf 85' lang='lat' dir='ltr'>ac</span> 
     </span>
     <span class='ocr_line' id='line_1_34' title="bbox 273 4226 1392 4299; baseline -0.004 -17"><span class='ocrx_word' id='word_1_296' title='bbox 273 4232 383 4284; x_wconf 84' lang='lat' dir='ltr'>deorum</span> <span class='ocrx_word' id='word_1_297' title='bbox 401 4232 540 4283; x_wconf 83' lang='lat' dir='ltr'>simulacra</span> <span class='ocrx_word' id='word_1_298' title='bbox 556 4246 614 4282; x_wconf 88' lang='lat' dir='ltr'>esse</span> <span class='ocrx_word' id='word_1_299' title='bbox 633 4230 685 4280; x_wconf 82' lang='grc' dir='ltr'>θεῖα</span> <span class='ocrx_word' id='word_1_300' title='bbox 702 4230 743 4280; x_wconf 72' lang='grc' dir='ltr'>καὶ</span> <span class='ocrx_word' id='word_1_301' title='bbox 759 4230 822 4290; x_wconf 79' lang='grc' dir='ltr'>θείας</span> <span class='ocrx_word' id='word_1_302' title='bbox 840 4230 968 4299; x_wconf 72' lang='grc' dir='ltr'>μετουσίας</span> <span class='ocrx_word' id='word_1_303' title='bbox 981 4227 1091 4280; x_wconf 77' lang='grc' dir='ltr'>ἀνάπλεα</span> <span class='ocrx_word' id='word_1_304' title='bbox 1108 4230 1161 4297; x_wconf 85' lang='lat' dir='ltr'>(ap.</span> <span class='ocrx_word' id='word_1_305' title='bbox 1174 4228 1249 4281; x_wconf 89' lang='lat' dir='ltr'>Phot.</span> <span class='ocrx_word' id='word_1_306' title='bbox 1260 4228 1322 4279; x_wconf 92' lang='lat' dir='ltr'>hibl.</span> <span class='ocrx_word' id='word_1_307' title='bbox 1336 4226 1392 4278; x_wconf 88' lang='lat' dir='ltr'>cod.</span> 
     </span>
     <span class='ocr_line' id='line_1_35' title="bbox 274 4315 538 4385; baseline 0 -18"><span class='ocrx_word' id='word_1_308' title='bbox 274 4316 324 4368; x_wconf 84' lang='lat'>215</span> <span class='ocrx_word' id='word_1_309' title='bbox 336 4333 362 4384; x_wconf 91' lang='lat' dir='ltr'>p.</span> <span class='ocrx_word' id='word_1_310' title='bbox 374 4315 422 4367; x_wconf 84' lang='lat'>173</span> <span class='ocrx_word' id='word_1_311' title='bbox 434 4315 538 4385; x_wconf 71' lang='lat' dir='ltr'>Bella).</span> 
     </span>
    </p>

    <p class='ocr_par' dir='ltr' id='par_1_8' title="bbox 273 4396 1393 4625">
     <span class='ocr_line' id='line_1_36' title="bbox 342 4396 1392 4467; baseline -0.007 -15"><span class='ocrx_word' id='word_1_312' title='bbox 342 4402 362 4428; x_wconf 74' lang='lat'>*¹</span> <span class='ocrx_word' id='word_1_313' title='bbox 373 4401 430 4453; x_wconf 87' lang='lat' dir='ltr'>edd.</span> <span class='ocrx_word' id='word_1_314' title='bbox 442 4400 470 4453; x_wconf 88' lang='lat' dir='ltr'>P.</span> <span class='ocrx_word' id='word_1_315' title='bbox 483 4401 612 4454; x_wconf 90' lang='lat' dir='ltr'>Victorius</span> <span class='ocrx_word' id='word_1_316' title='bbox 621 4400 733 4452; x_wconf 82' lang='lat' dir='ltr'>Florent.</span> <span class='ocrx_word' id='word_1_317' title='bbox 746 4399 812 4453; x_wconf 90' lang='lat' dir='ltr'>lunt.</span> <span class='ocrx_word' id='word_1_318' title='bbox 827 4399 892 4453; x_wconf 81' lang='lat'>1548</span> <span class='ocrx_word' id='word_1_319' title='bbox 904 4401 922 4453; x_wconf 88' lang='lat' dir='ltr'>f.</span> <span class='ocrx_word' id='word_1_320' title='bbox 935 4416 1021 4461; x_wconf 87' lang='lat' dir='ltr'>max.;</span> <span class='ocrx_word' id='word_1_321' title='bbox 1034 4400 1065 4451; x_wconf 90' lang='lat' dir='ltr'>de</span> <span class='ocrx_word' id='word_1_322' title='bbox 1073 4399 1224 4467; x_wconf 82' lang='lat' dir='ltr'>Fogerolles</span> <span class='ocrx_word' id='word_1_323' title='bbox 1235 4396 1320 4464; x_wconf 87' lang='lat' dir='ltr'>Lngd.</span> <span class='ocrx_word' id='word_1_324' title='bbox 1334 4396 1392 4448; x_wconf 85' lang='lat' dir='ltr'>Bet.</span> 
     </span>
     <span class='ocr_line' id='line_1_37' title="bbox 275 4479 1393 4548; baseline -0.005 -10"><span class='ocrx_word' id='word_1_325' title='bbox 275 4485 350 4539; x_wconf 71' lang='lat'>1620.</span> <span class='ocrx_word' id='word_1_326' title='bbox 363 4485 403 4538; x_wconf 90' lang='lat' dir='ltr'>ch.</span> <span class='ocrx_word' id='word_1_327' title='bbox 416 4484 446 4548; x_wconf 83' lang='lat'>8;</span> <span class='ocrx_word' id='word_1_328' title='bbox 462 4485 578 4539; x_wconf 88' lang='lat' dir='ltr'>Holsten.</span> <span class='ocrx_word' id='word_1_329' title='bbox 590 4486 666 4538; x_wconf 87' lang='lat' dir='ltr'>Rom.</span> <span class='ocrx_word' id='word_1_330' title='bbox 683 4484 756 4539; x_wconf 79' lang='lat'>1630.</span> <span class='ocrx_word' id='word_1_331' title='bbox 776 4485 896 4538; x_wconf 74' lang='lat' dir='ltr'>cantabr.</span> <span class='ocrx_word' id='word_1_332' title='bbox 912 4483 985 4537; x_wconf 76' lang='lat'>1655.</span> <span class='ocrx_word' id='word_1_333' title='bbox 999 4484 1039 4537; x_wconf 92' lang='lat' dir='ltr'>ch.</span> <span class='ocrx_word' id='word_1_334' title='bbox 1053 4483 1083 4546; x_wconf 83' lang='lat'>8;</span> <span class='ocrx_word' id='word_1_335' title='bbox 1103 4500 1125 4535; x_wconf 89' lang='lat' dir='ltr'>c.</span> <span class='ocrx_word' id='word_1_336' title='bbox 1137 4487 1202 4534; x_wconf 92' lang='lat' dir='ltr'>nott.</span> <span class='ocrx_word' id='word_1_337' title='bbox 1220 4496 1287 4531; x_wconf 87' lang='lat' dir='ltr'>varr.</span> <span class='ocrx_word' id='word_1_338' title='bbox 1298 4479 1348 4532; x_wconf 88' lang='lat' dir='ltr'>lac.</span> <span class='ocrx_word' id='word_1_339' title='bbox 1361 4481 1393 4532; x_wconf 92' lang='lat' dir='ltr'>de</span> 
     </span>
     <span class='ocr_line' id='line_1_38' title="bbox 273 4569 710 4625; baseline 0 -4"><span class='ocrx_word' id='word_1_340' title='bbox 273 4569 370 4623; x_wconf 85' lang='lat' dir='ltr'>Rhoer.</span> <span class='ocrx_word' id='word_1_341' title='bbox 390 4570 459 4624; x_wconf 84' lang='lat' dir='ltr'>Trai.</span> <span class='ocrx_word' id='word_1_342' title='bbox 473 4586 497 4625; x_wconf 82' lang='lat' dir='ltr'>a.</span> <span class='ocrx_word' id='word_1_343' title='bbox 510 4570 541 4622; x_wconf 79' lang='lat' dir='ltr'>a.</span> <span class='ocrx_word' id='word_1_344' title='bbox 556 4570 620 4621; x_wconf 84' lang='grc'><strong>1767</strong></span> <span class='ocrx_word' id='word_1_345' title='bbox 633 4569 673 4623; x_wconf 87' lang='lat' dir='ltr'>ch.</span> <span class='ocrx_word' id='word_1_346' title='bbox 686 4570 710 4621; x_wconf 92' lang='grc'>4.</span> 
     </span>
    </p>
   </div>
   <div class='ocr_carea' id='block_1_6' title="bbox 1175 4668 1191 4719">
    <p class='ocr_par' dir='ltr' id='par_1_9' title="bbox 1175 4668 1191 4719">
     <span class='ocr_line' id='line_1_39' title="bbox 1175 4668 1191 4719; baseline 0 0"><span class='ocrx_word' id='word_1_347' title='bbox 1175 4668 1191 4719; x_wconf 89' lang='grc'><strong>3</strong></span> 
     </span>
    </p>
   </div>
   <div class='ocr_carea' id='block_1_7' title="bbox 0 0 1802 5400">
    <p class='ocr_par' dir='ltr' id='par_1_10' title="bbox 0 0 1802 5400">
     <span class='ocr_line' id='line_1_40' title="bbox 0 0 1802 5400; baseline 0 0"><span class='ocrx_word' id='word_1_348' title='bbox 0 0 1802 5400; x_wconf 95' lang='lat' dir='ltr'> </span> 
     </span>
    </p>
   </div>
  </div>
 </body>
</html>
