3592 5400
625 536 722 579 CAPUT
736 538 765 580 V.
787 536 830 578 DE
846 536 1050 580 onacumnmt
1065 536 1185 581 usmis.

890 694 919 749 3.

658 808 823 908 Σαράπιδος
836 819 968 909 γρησμὸς
982 817 1160 910 Τιμαινέτῳ.

498 949 587 1022 ‘Afrae
605 956 689 1022 χεῖρας
707 951 772 1024 ἔχων
790 953 831 1004 καὶ
848 958 905 1004 νοῦν
923 951 962 1004 ἐπὶ
979 952 1094 1022 γλῶτταν
1112 951 1190 1020 ἀληθῆ

548 1044 630 1115 εἷσιθι,
649 1045 683 1115 μὴ
701 1045 825 1115 λοετροῖς,
840 1042 909 1097 ἀλλά
926 1047 978 1114 νόῳ
997 1046 1112 1116 καθαρός.

498 1137 566 1209 ἀρκεῖ
583 1136 631 1208 γὰρ
649 1138 671 1189 θ’
683 1135 759 1198 ὁσίοις
771 1137 837 1208 ῥανὶς
855 1139 958 1199 ὓδατος·
977 1136 1054 1209 ἄνδρα
1071 1139 1098 1191 δὲ
1116 1141 1211 1210 φαῦλον

548 1231 601 1283 οὐδ’
619 1231 648 1282 ἂν
666 1229 680 1282 ὁ
698 1232 745 1291 ιιῖις
762 1231 851 1282 λούσαι
867 1233 988 1302 χεύμασιν
1006 1230 1131 1293 Ὠκεανός.

407 1344 486 1400 Ecce
506 1342 561 1399 duo
582 1341 710 1403 carmina
729 1341 859 1400 eiusdem
878 1343 1055 1417 argumenti,
1081 1344 1296 1402 accommodata
1314 1347 1462 1423 Apollinis

341 1454 479 1528 lorisque
501 1451 652 1528 Sarapidis
674 1451 818 1527 personis.
865 1453 967 1509 Altero
989 1452 1176 1511 confirmatur
1199 1422 1331 1513 Iacobsii
1349 1456 1461 1513 coniec-

342 1574 424 1632 tura,
449 1582 502 1638 pro
527 1566 626 1619 κεῖται
651 1563 709 1620 ν.3
736 1561 921 1620 scribendum
946 1581 1011 1620 esse
1037 1560 1131 1644 ἀρκεῖ.
1172 1564 1325 1622 Librarius
1347 1565 1462 1622 videtur

342 1673 505 1730 litterarum
521 1688 557 1753 αρ
578 1672 779 1748 compendium
799 1690 888 1748 supra
907 1676 958 1728 κεῖ
970 1673 1109 1747 scriptum
1129 1691 1193 1730 cum
1214 1674 1302 1731 simili
1323 1675 1460 1732 termina·

341 1782 432 1840 tionis
447 1799 499 1838 ται
513 1782 683 1858 compendio
698 1781 931 1840 commutavisse.
950 1817 985 1824 —
1003 1782 1039 1840 V.
1056 1785 1070 1839 1
1088 1779 1230 1840 Orvillius
1251 1789 1280 1839 et
1295 1783 1460 1842 Brunckius

341 1890 454 1975 ἁγνῶς,
475 1891 625 1950 Iacobsius
641 1885 730 1975 ἀμνὸς
745 1883 807 1974 ἄγ’,
822 1898 924 1967 postea
939 1891 1103 1948 Brunckius
1119 1897 1148 1946 et
1162 1891 1311 1949 lacobsius
1327 1883 1460 1972 καθαροῦ

340 2002 540 2072 conieoemnt3
554 2020 707 2078 perperam
718 2000 851 2059 Piceolos
862 2020 891 2076 p.
909 2001 966 2058 188
983 1994 1072 2083 ἀρνὸς
1086 1992 1142 2057 ἐὼν
1152 1992 1274 2082 τέμενος
1285 1993 1459 2082 τὸπαρος...

341 2110 457 2170 Sufficit
471 2107 579 2194 ἁγνοῦ,
598 2111 688 2169 idest
704 2094 849 2193 δαίμονος.
883 2112 917 2168 Α.
933 2109 1046 2168 Nauck.
1062 2110 1151 2167 etiam
1165 2103 1237 2192 πρός
1251 2129 1303 2185 pro
1319 2109 1358 2177 εἰς
1373 2110 1475 2181 coni,¹

339 2240 415 2295 quae
431 2239 520 2297 saepe
540 2220 761 2279 confunduntur.
796 2218 882 2278 Certe
897 2212 1027 2303 καθαρός
1048 2221 1105 2279 iam
1125 2222 1162 2278 ab
1181 2220 1302 2278 alterius
1323 2220 1459 2278 carminis

340 2338 460 2389 auctore
473 2331 632 2408 legebatur.

404 2441 559 2498 Praecedit
573 2460 621 2517 ap.
637 2440 786 2498 Piccolum
803 2442 967 2499 oraculum:

362 2543 551 2619 ’Λπόλλωνος
561 2545 691 2633 γρησμὸς
702 2543 872 2633 Τιμαινέτῳ
885 2545 1051 2633 ριλοσάρῳ,
1068 2539 1101 2610 οὗ
1116 2546 1167 2606 καὶ
1182 2546 1241 2627 βίος
1254 2543 1429 2633 γέγραπται.

493 2661 588 2731 Μοίρας
605 2658 708 2713 iliceos
728 2660 830 2729 θυσίαις,
849 2656 957 2712 λιτάνευε
974 2660 1092 2730 Σέραπιν·

494 2754 567 2815 αὖτὶις
585 2755 740 2825 γάριμοῦνος
759 2755 799 2806 καλ
817 2753 858 2815 τὰς
876 2754 970 2824 Μοίρας
989 2754 1119 2824 μεθοδεύει.

338 2867 424 2925 Nihil
444 2866 571 2941 amplius
591 2865 627 2923 de
647 2866 821 2923 Timaeneto
834 2865 950 2944 legitur.
984 2863 1161 2924 Posterioris
1183 2864 1289 2923 aetatis
1311 2865 1459 2924 hominem

339 2985 369 3034 et
384 2959 539 3059 μεθοθσθω
554 2976 665 3051 prodit,
681 2984 769 3052 quum
784 2995 837 3052 per
854 2994 886 3035 se
906 2976 1047 3034 novitium
1062 2975 1246 3046 vocabulum,
1268 2985 1329 3034 tum
1343 2977 1392 3034 hic
1404 2996 1458 3052 pro
1554 3011 1559 3021 ·

338 3087 464 3164 regendo
480 3086 602 3156 dictum,
619 3094 649 3143 et
663 3105 785 3163 magnus
796 3088 889 3144 honor
898 3083 930 3143 in
942 3085 1076 3163 Sarapim
1088 3088 1220 3145 collatus.
1242 3087 1273 3145 Is
1286 3088 1358 3145 deus
1369 3104 1458 3162 quum

337 3216 357 3254 a
371 3198 487 3254 nemine
501 3196 594 3272 pluris
612 3214 700 3272 quam
719 3197 757 3254 ab
771 3197 977 3256 Alexandrinis
997 3198 1114 3256 habitus
1135 3198 1187 3266 sit,
1209 3203 1239 3253 et
1252 3197 1457 3254 Timaenetum

337 3307 485 3365 ethorum
500 3306 680 3365 oraculorum
696 3314 842 3365 auctorem
856 3307 1072 3365 Alexandrinos
1087 3314 1182 3383 putes.

884 3478 914 3533 4.
1349 3526 1352 3532 .

403 3613 522 3670 Anthol.
538 3612 602 3671 Pal.
622 3615 669 3670 14.
687 3614 726 3671 74
744 3605 822 3689 (tom.
838 3612 855 3670 2
871 3630 900 3686 p.
914 3610 974 3669 567
990 3603 1061 3687 Iac.)
1088 3602 1230 3692 Χρησμὸς
1243 3612 1299 3677 τῆς
1314 3599 1435 3676 Πυθίας.

492 3720 543 3791 Ἱρά
562 3722 622 3774 θεῶν
641 3719 743 3790 ἀγαθοῖς
761 3719 941 3790 ἀναπέπταται,
960 3719 1018 3772 οὐδὲ
1036 3721 1169 3791 καθαρμῶν

541 3815 630 3885 χρειώ·
648 3817 690 3881 τῆς
709 3814 793 3885 ἀρετῆς
810 3814 891 3885 ἥψατο
910 3813 980 3865 οὐδὲν
999 3810 1067 3883 ἄγος.

491 3905 557 3968 ὅστις
575 3906 688 3960 δὀθλοον
705 3903 779 3978 ἦτορ,
798 3907 930 3979 ἀπόστιχε·
949 3906 1038 3959 οὔποτε
1055 3907 1102 3977 γὰρ
1121 3905 1165 3973 σὴν

543 4001 624 4072 ψυχὴν
641 4000 730 4072 ἐκνίψει
748 4004 822 4071 σῶμα
840 4002 999 4070 διαινόμενον.

335 4113 403 4170 Pal.
422 4095 637 4193 θιμαινόμενον,
652 4113 738 4169 Plan.
756 4104 952 4193 μιαινόμενον.
974 4112 1054 4170 Bene
1065 4110 1192 4169 Brunck.
1209 4101 1332 4189 ἐκνίψεις
1347 4092 1456 4165 διαινό-

337 4238 425 4304 μενος
441 4240 476 4278 ex
490 4222 602 4279 Eldikii
618 4222 692 4280 coni.
716 4220 775 4281 Sed
790 4222 878 4278 etiam
893 4216 998 4291 οὐλοὸς
1013 4221 1189 4298 scripserim.

402 4331 467 4388 Hae
491 4350 590 4389 omnes
612 4333 744 4409 poeticae
769 4340 902 4390 notorum
928 4332 1107 4409 quorundam
1134 4331 1314 4389 oraculorum
1339 4327 1456 4384 fuerunt

337 4441 624 4512 transformationes,
649 4443 727 4499 velut
741 4442 802 4500 dati
817 4444 854 4501 ad
868 4444 1014 4501 hominem
1030 4441 1184 4519 splendida
1202 4456 1285 4497 sacra
1303 4436 1454 4505 ferentem,

337 4568 433 4626 neque
447 4558 545 4609 tomen
561 4552 633 4611 satis
648 4552 744 4629 pium:
