3592 5400
459 643 503 687 llll
833 642 1066 690 PROLEGOMNA.

451 834 618 922 jiciendum
641 835 718 901 foret
741 834 854 901 Aldum
877 857 937 902 non
955 836 1093 916 vertisse,
1113 837 1165 903 sed
1185 842 1287 904 nostra
1296 837 1439 907 habuisse

457 977 587 1056 Graeca,
608 981 639 1042 et
669 975 815 1054 edidisse,
847 999 882 1042 ex
916 981 1015 1043 mente
1045 999 1151 1065 nempe
1181 977 1351 1042 Nunnesii:
1381 979 1435 1042 sed

457 1116 521 1181 sive
550 1114 588 1182 ab
617 1115 698 1183 Aldo
728 1114 839 1181 editam
871 1116 965 1182 vitam
988 1117 1077 1183 annis
1102 1119 1337 1193 leae—1498,
1360 1140 1438 1203 quae

455 1255 499 1321 ibi
530 1255 644 1322 dicitur
673 1255 745 1342 βίος
778 1256 913 1340 Ἀριστ.
948 1257 1033 1319 κατὰ
1057 1253 1260 1336 metanoeae,
1286 1257 1349 1322 sive
1371 1280 1435 1323 eam

457 1397 522 1461 sine
555 1395 618 1461 ullo
649 1396 780 1462 auctoris
811 1395 948 1474 nomine,
978 1418 1067 1482 quam
1099 1396 1252 1462 Ammonii
1276 1396 1436 1463 Commen-

456 1536 541 1601 tariis
573 1535 606 1601 in
636 1535 812 1623 Oategorias
841 1536 1016 1602 Aristotelis
1045 1535 1199 1623 praemisit
1228 1559 1307 1602 anno
1333 1541 1435 1618 1503,

457 1676 621 1742 contuleris
642 1681 693 1743 aut
717 1698 786 1742 cum
810 1676 921 1742 Vetera
943 1675 1138 1742 translatione
1156 1676 1282 1754 Latina,
1302 1682 1353 1743 aut
1365 1701 1434 1744 oum

456 1815 569 1881 Graeca
591 1820 695 1882 nostra
718 1816 779 1882 vita
801 1839 894 1893 nora,
918 1815 998 1882 idem
1021 1815 1137 1882 obtinet
1157 1815 1335 1894 discrimen,
1354 1818 1435 1902 quod

456 1977 539 2021 nunc
571 1961 618 2021 est
651 1955 730 2021 inter
764 1962 896 2021 nostram
931 1960 961 2020 et
984 1978 1062 2033 eam,
1096 1977 1172 2041 quae
1205 1962 1331 2023 vocatur
1361 1964 1435 2021 κατ’

457 2095 666 2179 Ἀμμώνιον.
700 2096 824 2162 Scilicet
854 2096 1013 2161 translatio
1043 2095 1096 2160 illa
1125 2100 1211 2161 vetus
1233 2095 1343 2183 partim
1366 2097 1434 2182 qui·

457 2235 523 2300 dem
554 2237 706 2303 consentit
737 2258 805 2301 cum
836 2236 1017 2312 Ammonio,
1039 2233 1091 2299 sed
1115 2234 1220 2300 multis
1242 2233 1318 2300 locis
1341 2234 1378 2300 ab
1400 2259 1435 2301 eo

457 2381 501 2440 est
525 2374 658 2453 diversa,
683 2375 729 2464 (ut
752 2380 855 2441 nostra
878 2375 968 2440 etiam
990 2374 1117 2460 Graeca)
1139 2378 1169 2440 et
1189 2374 1326 2440 continet
1339 2376 1434 2441 multo

456 2515 541 2603 plura
571 2522 601 2580 et
631 2516 753 2581 omnino
784 2538 874 2592 nova,
908 2537 983 2601 quae
1012 2536 1095 2580 nuno
1125 2514 1253 2602 primum
1277 2515 1435 2581 innostra

455 2655 569 2721 inedita
592 2655 704 2722 Graece
726 2655 869 2744 leguntur
892 2661 922 2721 et
945 2655 1140 2744 reperiuntur.

501 2794 658 2860 Caeterum
690 2795 727 2861 de
757 2796 930 2863 Aristotelis
962 2796 1039 2872 vita,
1069 2794 1215 2882 Scriptis,
1245 2800 1275 2859 et
1305 2794 1342 2860 de
1372 2795 1436 2881 ejus

457 2932 629 3021 biographis
660 2934 831 2999 conferatur
862 2932 966 2998 Jacob.
997 2932 1133 2998 Bruclrer
1163 2934 1265 2998 Instit.
1294 2933 1437 2999 historiae

456 3072 569 3137 Philus.
593 3072 716 3160 Lipsiae
741 3075 843 3151 1790,
866 3072 895 3137 J.
920 3072 1076 3160 Theophil.
1093 3071 1192 3138 Buhle
1207 3071 1333 3159 Biponti
1348 3076 1434 3140 1790

456 3214 488 3277 in
521 3214 641 3300 praefat.
665 3212 808 3278 editionis
831 3213 969 3289 Aristot,
992 3212 1032 3277 H.
1057 3212 1211 3278 Glintonis
1234 3212 1310 3278 fasti·
1329 3213 1433 3278 Helle·

455 3352 517 3417 nioi
551 3350 622 3417 edit.
657 3350 691 3417 O.
726 3352 763 3417 G.
800 3351 921 3437 Kruger
955 3351 1076 3437 Lipsiae
1109 3354 1209 3429 1830,
1240 3358 1270 3417 el·
1297 3353 1436 3440 inprimis

455 3491 513 3558 Ad.
545 3488 636 3554 Stahr
666 3490 698 3554 iu
729 3487 819 3566 libro,
852 3490 904 3575 qui
933 3488 1108 3554 inscribitur
1130 3490 1322 3567 Aristotelia,
1346 3490 1436 3556 Halle

458 3633 692 3696 1830-1832:
715 3628 765 3694 hic
790 3629 964 3717 plerumque
987 3634 1126 3694 accurate
1149 3634 1178 3693 et
1200 3629 1317 3694 erudite
1336 3634 1434 3695 totum

454 3770 511 3836 hoc
534 3774 742 3856 argumentum
768 3769 926 3845 tractavit,
948 3768 1047 3833 omnia
1067 3769 1259 3855 conquirens,
1279 3791 1353 3854 quae
1375 3768 1435 3834 huo

454 3911 604 3997 pertinent
634 3932 671 3975 ex
702 3910 883 3975 testimoniis
915 3909 1024 3995 sparsis
1055 3915 1084 3974 et
1117 3911 1149 3973 in
1183 3906 1382 3995 biograpbiis,
1406 3916 1436 3975 et

454 4052 485 4115 in
509 4047 682 4116 auctoribus
710 4049 833 4115 Graecis
864 4055 894 4114 et
917 4049 1054 4115 Latinis:
1077 4049 1128 4114 sed
1151 4049 1312 4135 aliquando
1335 4055 1435 4115 tamen

454 4190 584 4277 turpiter
608 4188 700 4276 (quod
723 4190 836 4254 factum
861 4188 986 4273 nollem)
1011 4188 1123 4254 labitur
1145 4190 1259 4254 Graeca
1282 4190 1435 4277 explicans

455 4330 499 4394 vel
532 4333 623 4394 artem
656 4329 792 4394 criticam
821 4329 992 4417 attingens:
1023 4351 1050 4394 v.
1082 4351 1107 4393 c.
1138 4328 1173 4393 Τ.
1198 4330 1242 4393 ΙΙ.
1268 4352 1293 4415 p.
1319 4332 1359 4393 al
1384 4328 1436 4394 ubi

456 4470 530 4535 citat
553 4467 711 4552 Plutarchi
734 4468 807 4534 haec
831 4467 918 4534 verba
944 4468 988 4556 (in
1011 4467 1075 4533 vita
1097 4467 1198 4553 Syllae
1221 4490 1245 4532 o.
1271 4467 1344 4554 26),
1370 4476 1393 4506 “
1405 4469 1436 4531 οἱ
