3592 5400
380 495 420 559 54
607 514 702 556 CAPUT
716 515 756 558 IV.
780 514 821 555 DE
837 513 1042 556 ORACULCRI'M
1057 513 1255 558 censeamus

380 673 430 730 44.
444 671 494 729 45.
510 670 554 727 IV
565 671 592 728 6.
608 671 650 728 VI
662 671 690 727 9.
707 670 743 726 de
754 675 815 726 nat.
827 668 916 726 anim.
932 668 1016 726 XIII.
1034 669 1070 727 21
1090 668 1208 726 oracula
1222 668 1322 739 affert,
1337 669 1381 727 ita
1390 671 1501 746 partim

379 782 444 858 ipsa
459 783 576 838 deorum
592 799 747 856 responsa,
769 779 875 856 partim
891 799 990 837 eorum
1006 779 1178 837 sententiam
1199 799 1286 855 prosa
1303 781 1436 838 oratione
1452 782 1501 839 de·
1537 783 1542 789 ’

380 893 518 968 scriptam
533 891 600 949 aliis
617 893 703 949 rebus
719 891 877 949 immiscuit
892 874 1389 972 iulib'risrr.hariprironrrrporolar1
1404 893 1501 950 tribus

378 995 573 1079 pluribusvei',
595 1002 643 1059 ubi
664 1002 797 1078 exempla
817 1020 904 1058 curae
925 1001 1040 1058 divinae
1061 1001 1091 1058 in
1107 1001 1239 1058 homines
1261 1002 1352 1060 bonos
1374 1002 1500 1061 collatae

378 1133 593 1190 poenarumque
612 1132 630 1170 a
652 1112 738 1169 malis
761 1119 921 1171 sumtarum
949 1120 978 1168 et
1004 1111 1170 1187 insperatos
1199 1112 1380 1168 oraculorum
1402 1113 1500 1172 exitus

378 1231 487 1282 narrat.
510 1225 556 1282 Ita
572 1222 677 1282 Suidas
693 1242 717 1281 s.
731 1243 756 1282 v.
774 1215 881 1304 σεμνά’
896 1214 978 1279 κατά
992 1240 1022 1278 τι
1037 1213 1243 1304 πυθόγρηστον
1258 1210 1313 1286 ἧκε
1326 1213 1402 1278 θεῶν
1412 1220 1499 1306 κομί-

378 1320 437 1404 ζων
458 1327 521 1416 ἱερὰ
541 1334 580 1402 εἰς
600 1328 655 1399 τὴν
675 1328 846 1415 μετοίκησιν
861 1327 956 1415 σεμνοὶ
971 1316 1085 1414 ἐφόδια.
1119 1325 1257 1401 Αἰλιανός
1276 1331 1306 1389 ἐν
1320 1337 1366 1408 τῷ
1380 1351 1411 1390 π.
1426 1352 1500 1416 προ-

378 1440 463 1513 νοίας.
495 1445 538 1503 Id.
562 1447 617 1502 sub
639 1444 813 1501 Archilocho
835 1444 890 1500 duo
914 1424 1030 1500 oracula
1049 1442 1157 1518 Pythia
1176 1442 1245 1500 data
1260 1441 1424 1514 Calondae,
1448 1447 1498 1520 qui

378 1561 493 1630 potitam
505 1555 588 1612 illum
600 1562 761 1624 necaverat,
775 1573 810 1610 ex
821 1555 922 1611 eodem
930 1553 1046 1611 Aeliani
1059 1553 1133 1610 libro
1145 1553 1270 1628 repetiit.
1285 1546 1342 1630 (Of.
1354 1549 1497 1632 interpp.)

379 1663 490 1724 Similis
511 1665 627 1723 Aeliani
647 1666 723 1723 liber
741 1683 771 1721 rr.
789 1656 873 1721 θείων
889 1663 1048 1746 ἐνεργειῶν
1068 1663 1138 1732 fuit,
1159 1683 1245 1739 quom
1266 1672 1369 1738 qnater
1390 1663 1498 1724 Suidas

378 1783 596 1846 commemorat,
613 1777 692 1833 velut
707 1795 730 1833 s.
744 1797 769 1833 v.
783 1767 941 1843 ἑνστάτηςτ
956 1767 1019 1830 Καὶ
1030 1767 1168 1842 hiliacis
1179 1773 1265 1848 ἐντῷ
1277 1792 1307 1830 π.
1321 1766 1408 1831 θείων
1420 1775 1499 1858 trep-

378 1889 466 1968 γειῶν
482 1901 565 1966 φησι·
587 1879 680 1943 Karai
694 1905 762 1944 τινα
777 1880 910 1968 χρησμὸν
926 1876 1079 1961 βουληθεὶς
1101 1876 1282 1941 {laborata
1295 1880 1349 1942 τὸν
1363 1890 1409 1961 τῷ
1425 1885 1499 1964 οἴκῳ

378 1993 471 2054 αὐτοῦ
486 1991 683 2080 γεγενημένον
699 1989 845 2060 ἑνστάτην
862 1979 996 2078 δαίμονα.

440 2109 504 2166 Hoc
518 2109 603 2165 modo
619 2127 706 2184 quum
719 2108 754 2164 ad
767 2107 923 2182 Porphyrii
934 2107 995 2163 fere
1007 2114 1130 2164 aetatem
1143 2106 1339 2182 pervenerim,
1355 2108 1392 2165 ad
1405 2108 1500 2184 philo-

378 2219 485 2295 sophos
498 2226 628 2276 transeo.

778 2414 830 2471 De
852 2413 1095 2490 philosophis.

439 2551 684 2626 Philosophorum
705 2549 795 2610 Stoici
821 2551 995 2626 praesertim
1021 2557 1051 2608 ct
1075 2551 1265 2626 Peripatetici
1290 2552 1499 2611 dlvinationem

376 2670 587 2733 tractaverunt,
605 2681 662 2721 nec
676 2663 829 2721 defuerunt
853 2663 903 2739 qui
923 2663 1040 2720 oracula
1060 2662 1147 2720 etiam
1164 2663 1342 2741 colligerent.
1366 2663 1498 2738 Quorum

376 2775 535 2851 principem
548 2774 642 2833 locum
655 2774 882 2851 Chrysippus
895 2782 990 2845 tenet,
1004 2772 1151 2843 Solensis,
1165 2772 1280 2832 Stoicus
1293 2769 1497 2854 (aso-206),

377 2886 426 2962 qui
442 2885 521 2942 libro
543 2886 579 2941 de
599 2885 725 2944 oraculis
742 2886 884 2963 singulari
901 2878 974 2963 (Cic.
987 2885 1023 2941 de
1034 2885 1092 2941 div.
1109 2887 1134 2942 1.
1149 2887 1177 2942 3.
1192 2878 1220 2961 6)
1241 2886 1336 2962 magis
1356 2887 1497 2945 adversus

377 3014 412 3053 ea
427 3013 513 3070 quam
528 2998 564 3051 de
574 2995 611 3052 iis
624 2996 752 3071 scripsit.
778 2995 924 3071 „Collegit
935 2996 1160 3054 innumerabilia
1173 2996 1291 3054 oracula
1303 2995 1496 3075 Chrysippus,

376 3124 431 3163 nec
445 3106 536 3163 ullum
557 3106 620 3163 sine
640 3105 785 3182 locuplete
804 3113 922 3164 auctore
941 3114 1028 3183 atque
1049 3102 1143 3164 testc“
1168 3106 1249 3184 libid.
1266 3109 1313 3165 19.
1328 3101 1391 3185 37).
1417 3107 1496 3184 „Sed

375 3217 483 3275 iamad
494 3224 524 3273 te
535 3217 633 3287 venio,
650 3224 750 3275 sancte
762 3214 901 3293 Apollo;“
914 3218 1010 3294 inquit
1022 3216 1083 3275 Cic.
1097 3218 1132 3274 dc
1144 3218 1201 3275 div.
1215 3219 1244 3275 2.
1258 3218 1308 3277 56.
1325 3220 1399 3298 115,
1418 3221 1496 3294 „tuis

376 3329 452 3385 enim
468 3329 593 3387 oraculis
607 3327 788 3405 Chrysippus
805 3335 896 3386 totum
912 3329 1046 3386 volumen
1061 3328 1208 3403 implevit,
1224 3330 1331 3403 partim
1347 3330 1450 3407 falsis,
1465 3340 1496 3389 ut

375 3459 427 3517 ego
443 3436 564 3516 opinor“
583 3433 652 3518 (non
664 3440 779 3516 spurios
791 3440 876 3509 dicit,
893 3440 945 3498 sed
957 3446 1061 3497 eventu
1076 3439 1154 3496 haud
1165 3435 1395 3519 comprobatos),
1411 3461 1496 3518 ,par-

374 3550 427 3608 tim
442 3568 511 3608 casu
526 3551 616 3620 veris,
634 3596 640 3609 .
656 3594 662 3608 .
679 3551 785 3627 partim
800 3551 965 3625 flexiloquis
981 3557 1010 3607 et
1025 3550 1155 3608 obscuris
1171 3593 1179 3606 .
1193 3594 1216 3620 .,
1232 3552 1339 3625 partim
1350 3553 1495 3630 ambiguis

375 3668 404 3718 et
423 3680 497 3736 quae
516 3662 554 3718 ad
568 3661 750 3725 dialecticam
771 3661 927 3719 deferenda
947 3658 1036 3719 sint.“
1069 3658 1207 3736 Sequitur
1229 3680 1402 3738 responsum
1423 3664 1496 3722 illud

374 3762 501 3853 Κροῖσος
515 3760 611 3828 Ἅλυν
627 3755 732 3849 διαβάς
747 3773 799 3829 rel.
1389 3748 1394 3751 .

438 3882 641 3939 Memorabilia
662 3883 698 3939 dc
719 3883 765 3940 his
789 3884 972 3959 philosophis
991 3885 1080 3942 verba
1103 3880 1253 3941 Ciceronis
1280 3891 1349 3941 sunt
1374 3886 1412 3943 de
1436 3886 1494 3944 div.

378 3993 404 4049 l.
418 3992 446 4049 3.
461 3991 494 4047 5:
524 3992 785 4067 „Philosophorum
809 4013 876 4051 vcro
900 3994 1045 4070 exquisita
1066 3994 1208 4069 quaedam
1230 4002 1418 4072 argumenta,
1445 4015 1496 4055 cur

374 4108 454 4159 essct
475 4120 542 4158 vera
564 4101 718 4172 divinatio,
742 4104 864 4161 collecta
886 4113 968 4162 sunt:
994 4105 1149 4180 equibus,
1173 4112 1205 4161 ut
1224 4105 1261 4162 de
1280 4107 1495 4181 antiquissimis

373 4211 490 4287 loquar,
519 4211 715 4287 Colophonius
737 4214 997 4290 Xenophanes,
1025 4235 1099 4273 unus
1121 4214 1263 4291 qui'deos
1287 4236 1353 4281 esse
1375 4219 1493 4288 diceret,

426 4384 434 4416 ¹
458 4382 497 4435 lta
513 4383 567 4436 Ioh.
581 4384 657 4437 Sicel.
671 4383 750 4436 schol.
763 4386 788 4436 in
802 4386 925 4454 Hormog.
938 4403 963 4435 π.
977 4384 1047 4437 ἰδεῶν
1059 4388 1126 4442 lib.l
1140 4405 1194 4457 cap.
1206 4387 1239 4438 45
1258 4387 1494 4456 (Rhett.cd.Walz.

374 4467 417 4520 VI.
435 4484 460 4535 p.
472 4468 529 4521 229.
541 4469 598 4536 2ης
618 4469 712 4521 Suidas
730 4470 825 4538 aliique
844 4471 947 4522 brevius
966 4488 991 4520 π.
1011 4472 1126 4540 προνοίας
1144 4478 1246 4524 rorant.

425 4552 435 4584 ‘²
458 4552 514 4606 Lib.
527 4553 563 4605 Ill
580 4555 608 4605 in
625 4553 707 4609 Bckk.
722 4555 884 4609 anecd.321.
900 4554 930 4606 16
948 4563 1174 4611 commemoratur.
