3592 5400
474 630 516 692 tt
907 646 1015 691 nonar.

474 848 630 906 emunctae
664 842 749 907 naria
783 841 856 908 viris
887 840 975 921 bene,
1005 840 1079 927 quid
1111 841 1153 907 rei
1194 839 1345 919 subesset,
1380 839 1448 907 sub·

473 982 596 1059 oluerit‚
625 1005 759 1068 quosque
789 983 895 1050 mento
928 983 1026 1048 dicas:
1056 983 1207 1048 Emuncto
1229 983 1360 1049 lucratus
1383 1005 1450 1047 esse

472 1123 594 1188 Simone
615 1123 771 1190 talentum.

516 1437 595 1504 Ibid.
618 1438 687 1504 Lin.
712 1440 762 1503 16.
786 1438 825 1502 In
848 1437 915 1503 MS.
938 1439 982 1512 ὡς
1000 1436 1227 1523 μεγαλορημον
1231 1484 1338 1500 .....
1353 1463 1445 1502 ποτε.

515 1752 593 1819 nin
616 1752 685 1818 nn.
709 1755 758 1817 ra.
782 1733 821 1817 Ih
844 1752 911 1818 ns.
936 1754 1017 1818 ant
1042 1752 1076 1816 a·
1101 1757 1273 1837 manna
1288 1800 1444 1816 .......

473 1894 527 1955 καὶ
552 1889 632 1955 δέκα
655 1890 716 1957 Gfr.
740 1891 824 1958 Vens.
848 1891 886 1958 V.
909 1892 945 1957 Ia

514 2204 591 2271 Ibid.
622 2205 693 2270 Lin.
724 2209 775 2271 19.
806 2207 873 2269 Tan
897 2211 1015 2269 Πυθοῖ
1039 2213 1116 2273 θεοῦ
1149 2211 1338 2292 χρήσαντος.
1357 2207 1447 2271 Aris·

469 2344 575 2411 toteles
610 2344 820 2432 septemdecim
852 2366 946 2409 annos
977 2349 1067 2411 natus
1097 2345 1232 2412 Athenas
1266 2343 1356 2423 abiit,
1385 2368 1446 2431 quo

469 2485 557 2550 multi
581 2485 705 2571 ingenui
728 2483 862 2550 liberales
885 2485 929 2549 ire
952 2482 1101 2562 solebant,
1130 2491 1165 2549 ut
1188 2482 1444 2551 celeberrimorum

468 2622 713 2713 philosophorum
736 2622 853 2688 scholas
877 2624 1106 2709 frequentarent.
1129 2624 1243 2689 Noster
1261 2628 1291 2688 et
1309 2622 1443 2689 Pseudo·

468 2763 647 2829 Ammonius
666 2763 790 2829 tradunt
809 2785 874 2829 eum
896 2763 1017 2829 oraculo
1038 2762 1186 2851 Delphico
1202 2763 1340 2828 consulto
1351 2763 1444 2829 Athe·

467 2926 521 2968 nas
558 2903 723 2989 protectum
763 2924 826 2967 esse
866 2907 895 2966 et
929 2901 1081 2966 Socratem
1116 2924 1168 2988 per
1201 2900 1315 2987 aliquot
1349 2924 1444 2967 annos

466 3042 623 3107 audivisse.
656 3040 794 3106 Fabulae.
826 3041 964 3106 Socrates
986 3046 1123 3106 mortuus
1146 3048 1191 3106 est
1214 3064 1239 3106 a.
1263 3044 1326 3106 399
1350 3064 1375 3107 a
1400 3041 1443 3120 0.,

465 3179 644 3246 Aristoteles
674 3185 763 3244 natus
796 3182 861 3243 384
891 3204 916 3245 a.
948 3179 981 3244 C.
1014 3179 1179 3267 Diotrephe
1201 3179 1351 3246 archonte.
1375 3182 1443 3247 Nee

465 3321 604 3405 majorem
635 3318 725 3384 fidem
748 3324 909 3395 merentur,
937 3342 1026 3404 quae,
1051 3318 1088 3383 ab
1109 3319 1242 3384 inimicis
1264 3318 1442 3407 Philosophi

464 3460 549 3535 fieta,
580 3458 768 3536 Athenaeus,
798 3458 944 3523 Aelianus
971 3464 1001 3522 et
1031 3457 1180 3523 Eusebius
1211 3464 1348 3536 narrant,
1371 3460 1443 3524 Ari-
1513 3491 1515 3495 ⁴

465 3597 616 3675 stotelem‚
637 3597 798 3684 dilapidato
821 3598 1015 3685 patrimonio,
1039 3595 1148 3663 abiisse
1166 3596 1344 3674 militatum,
1366 3601 1442 3686 (quo

464 3761 525 3802 non
556 3736 688 3825 addunt)
719 3737 838 3802 tandem
868 3737 958 3822 hujus
981 3738 1060 3802 vitae
1082 3738 1200 3824 generis
1223 3743 1388 3825 pertaesum
1411 3743 1442 3804 et

465 3878 502 3942 ad
526 3878 671 3942 saniorem
694 3884 822 3943 mentem
847 3878 1019 3943 redeuntem
1039 3878 1176 3944 Athenas
1197 3879 1300 3956 ivisse,
1325 3885 1360 3945 ut
1376 3879 1440 3966 phi·

464 4018 616 4105 losophiae
639 4017 748 4083 studiis
771 4040 889 4105 operam
913 4018 1004 4084 daret.

509 4319 587 4386 Ibid.
610 4320 678 4386 Lin.
699 4324 749 4386 20.
773 4321 811 4384 In
832 4321 896 4386 MS.
917 4321 1029 4408 legitur
1048 4330 1126 4408 παρ’
1148 4323 1319 4409 Ἀθήνῃσι
1341 4333 1440 4409 φοιτᾷ

463 4461 544 4547 quod
575 4461 665 4528 fluxit
694 4484 730 4526 ex
762 4461 837 4527 male
860 4461 1011 4529 intellecto
1037 4432 1069 4527 iifl
1091 4463 1121 4528 id
1152 4470 1197 4530 est
1219 4432 1438 4549 ’Ᾰθηναίοις.
