3592 5400
379 507 439 569 109
599 525 695 568 carun
711 520 762 567 vm
785 523 827 565 na
844 522 1049 566 0010010000
1064 521 1175 565 renen.
1192 523 1277 567 nnn.

272 711 274 714 ⁴
377 701 477 759 praep.
495 700 537 738 ev.
554 700 583 756 p.
598 679 731 751 9370ος
748 676 941 754 Sarapidis
957 675 1026 735 ibid.
1042 697 1071 752 p.
1082 677 1140 736 901
1155 679 1183 736 0.
1200 677 1316 740 Ultima
1329 677 1386 737 dno
1401 686 1498 755 potue·

378 800 446 851 runt
461 791 523 849 dari
538 789 809 849 incubantibus.
840 788 1499 849 11000011000111000001101000000000

377 903 599 962 vaticinationes
615 901 764 960 existimo:
785 899 943 957 Hecates
963 917 1062 974 praep.
1079 917 1122 957 ev.
1142 899 1244 968 1750,
1264 901 1369 970 1910,
1388 901 1449 960 193
1462 919 1500 959 c·

382 1014 477 1084 1940,
491 1015 551 1071 900
560 1013 630 1082 0-0,
644 1013 739 1081 9010,
753 1012 812 1069 903
822 1010 855 1082 0;
876 1011 953 1085 apud
966 1009 1088 1066 eundem
1099 1011 1210 1070 Euseb.
1225 1011 1384 1071 demonstr.
1399 1030 1500 1091 evang.

379 1128 407 1184 3.
426 1126 442 1184 0
459 1131 489 1182 et
503 1123 580 1199 apud
595 1121 790 1200 Augustinum
806 1120 842 1178 de
857 1122 911 1178 civ.
924 1121 971 1178 dei
989 1121 1037 1179 19.
1052 1121 1101 1186 93,.
1115 1122 1148 1191 9;
1164 1121 1243 1197 apud·
1254 1122 1452 1198 l'hiloponum
1466 1124 1501 1181 de

377 1236 478 1294 mundi
499 1241 586 1292 creat.
604 1236 632 1291 4.
651 1234 705 1303 203
728 1231 915 1308 Apollinis
929 1250 1029 1307 praep.
1046 1251 1090 1291 ev.
1109 1233 1214 1303 1080,
1234 1233 1366 1303 19400,
1387 1235 1448 1292 195
1461 1251 1501 1292 0-

381 1348 440 1405 196
452 1347 480 1416 0,
498 1346 627 1414 90900,
645 1344 778 1414 9410ος
794 1350 855 1401 tum
870 1342 1083 1418 Aesculapii
1098 1361 1261 1418 praep.·cv=
1279 1343 1338 1402 194
1351 1363 1379 1414 0,
1396 1342 1501 1403 Sara-

378 1458 474 1532 pidis
490 1476 536 1532 ap.
553 1455 711 1513 Firmicum
722 1456 887 1512 Maternum
903 1471 965 1528 cap.
982 1455 1030 1522 13,
1046 1453 1216 1517 Mercurii
1230 1472 1331 1530 praep.
1344 1473 1390 1511 ev.
1407 1455 1500 1526 1940,

378 1566 489 1625 Fanni
505 1565 575 1623 ibid.
594 1565 653 1623 909
667 1565 699 1635 0,
715 1564 813 1622 000010
829 1565 911 1622 00100
926 1562 996 1622 ibid.
1016 1564 1122 1634 1940,
1140 1563 1240 1629 9410.
1260 1563 1420 1640 Hymnos
1436 1566 1501 1624 deo·

379 1697 442 1734 rum
458 1676 575 1733 nomine
595 1694 614 1731 a
632 1675 753 1752 poetis
772 1675 848 1746 ludi,
870 1694 928 1732 non
947 1673 1059 1731 fraudis
1080 1691 1168 1730 causa
1188 1675 1412 1750 compositos
1433 1685 1501 1752 puto

379 1786 526 1863 Apollinis
541 1792 570 1842 et
584 1785 679 1843 Fauni
695 1785 764 1845 ibid.
784 1784 871 1844 1930
888 1792 917 1860 ct
935 1785 1020 1843 1940
1036 1784 1101 1842 coll.
1116 1785 1210 1842 9010.
1238 1783 1371 1846 Graeci
1388 1806 1501 1845 rerum

273 1930 274 1933 =
379 1897 581 1954 divinarum
600 1895 712 1972 periti
732 1896 900 1972 Apollini
920 1894 1068 1952 oraculum
1089 1895 1126 1951 00
1142 1894 1294 1954 sacrificiis
1309 1895 1381 1953 ibid.
1402 1899 1461 1956 145
1475 1899 1501 1968 0,

378 2008 499 2067 Fauno
521 2007 666 2065 oraculum
687 2007 722 2064 de
742 2001 897 2064 simulacro
919 2005 1045 2064 Hecates
1065 2004 1135 2064 ibid.
1159 2006 1250 2065 9090
1271 2016 1501 2083 supposuerunt3

380 2119 485 2178 Graeci
508 2119 664 2176 ori-entis
690 2116 926 2193 philosophia
951 2115 1081 2174 imbuti
1106 2116 1242 2175 videntur
1268 2135 1368 2177 versus
1395 2117 1502 2177 ibidem

380 2230 469 2288 4190
484 2237 514 2286 et
524 2229 555 2285 in
568 2228 666 2286 codice
677 2227 873 2303 Neapolitano
886 2227 1010 2302 scriptos
1027 2227 1164 2298 finxisse,
1180 2228 1436 2305 Pythagoreus
1451 2230 1502 2287 ali·

379 2340 445 2414 quis
461 2339 607 2397 oraculum
623 2339 659 2396 de
674 2337 852 2396 divinatione
867 2356 914 2415 ap.
928 2338 1037 2396 Euseb.
1054 2359 1097 2414 pr.
1110 2358 1154 2397 ev.
1171 2339 1229 2398 194
1241 2338 1270 2408 0,
1285 2339 1502 2400 Platonicus

381 2450 528 2511 oraculum
543 2448 675 2524 Apollini
689 2447 853 2524 Didymaeo
870 2447 1015 2507 subditum
1030 2468 1077 2524 ap.
1093 2447 1230 2507 Lactant.
1246 2449 1341 2509 instit.
1360 2450 1390 2510 7.
1412 2453 1460 2510 13.
1475 2453 1501 2523 5,

379 2560 532 2619 Iudaeus
554 2561 670 2618 oracula
690 2579 737 2636 ap.
759 2559 880 2617 eundem
900 2560 937 2616 de
958 2558 1067 2618 11093.
1087 2561 1123 2618 19
1140 2567 1170 2617 et
1183 2559 1380 2636 Augustinum
1396 2561 1433 2619 de
1448 2562 1500 2620 civ.

380 2672 427 2730 dei
445 2674 492 2732 19.
507 2673 556 2742 93,
573 2679 602 2729 et
616 2672 672 2730 duo
687 2673 726 2731 ab
737 2671 867 2731 Eusebio
881 2690 926 2748 pr.
940 2689 983 2729 ev.
997 2672 1057 2731 413
1067 2671 1109 2730 cd
1124 2670 1223 2729 allata.
1239 2670 1361 2730 Nullum
1377 2673 1501 2751 repperi,

380 2784 457 2859 quod
472 2803 490 2842 a
505 2782 672 2844 Christiano
688 2784 787 2842 lictum
803 2801 868 2842 esse
883 2782 1024 2842 videatur.

796 3233 955 3307 CAPUT
978 3234 1084 3307 VIII.

747 3362 820 3467 'na
849 3404 1117 3467 coniciens

889 3556 991 3565 ----

444 3664 497 3720 Vel
514 3683 549 3721 ex
564 3664 758 3733 oraculorum,
775 3676 860 3738 quem
875 3663 959 3722 modo
975 3661 1055 3733 dedi,
1076 3662 1172 3721 indice
1187 3672 1323 3740 apparot,
1346 3666 1503 3744 plerasque

382 3774 632 3832 commentationis
648 3773 787 3848 reliquias
802 3774 924 3832 Eusebii
938 3773 1161 3850 praeparatione
1177 3774 1346 3852 evangelica
1360 3796 1429 3836 esse
1443 3797 1503 3836 ser-

382 3890 474 3941 vatas.
506 3883 603 3957 Quare
623 3884 747 3959 primum
767 3884 880 3943 codices
902 3884 1081 3956 describam,
1102 3885 1208 3959 quibus
1223 3885 1354 3945 Thomas
1370 3886 1503 3947 Gaislor·

382 3992 456 4062 dius,
472 3992 517 4049 vir
531 3992 566 4048 de
580 3992 687 4051 litteris
704 3992 824 4053 Graecis
840 3994 948 4071 optime
963 3994 1098 4065 meritus,
1120 3995 1200 4054 cuius
1218 4002 1341 4053 mortem
1356 4005 1503 4057 recentem

381 4103 516 4161 universa
536 4102 684 4162 doctorum
703 4103 816 4161 familia
834 4105 914 4183 luget
932 4113 1020 4181 atque
1035 4105 1181 4181 deplorat,
1201 4105 1232 4162 in
1248 4105 1375 4165 editione
1391 4105 1503 4166 Osoni-

382 4214 446 4273 ensi
461 4232 530 4271 usus
547 4220 601 4282 est,
617 4232 644 4269 a..
664 4209 742 4272 1843
760 4221 896 4289 quattuor
911 4214 996 4272 tomis
1012 4215 1056 4274 ch.
1075 4218 1092 4273 8
1109 4216 1231 4291 prolata.

445 4326 480 4382 A.
504 4324 600 4382 Paris.
615 4323 684 4381 bibl.
697 4343 757 4401 reg.
770 4343 838 4381 num
855 4325 914 4382 451
932 4325 1051 4382 membr.
1068 4344 1145 4383 anno
1161 4328 1223 4384 914
1238 4346 1290 4402 pro
1301 4326 1414 4385 Aretha
1430 4328 1502 4387 Cae·

382 4452 483 4492 sareae
506 4426 733 4512 (Cappadocum)
756 4433 935 4511 Archiepisc.
958 4454 976 4491 a
997 4434 1098 4494 Baane
1121 4437 1257 4513 scriptus.
1288 4434 1428 4495 Continet
1448 4438 1501 4496 lib.

385 4544 463 4604 1-5.
493 4543 587 4603 Deest
601 4544 717 4603 initium
733 4564 824 4623 usque
845 4546 882 4602 ad
905 4564 967 4622 cap.
986 4547 1014 4604 3.
1030 4547 1094 4623 p.7
1116 4547 1179 4605 05.
1205 4546 1271 4625 Vig.
1292 4545 1364 4630 ἡμῖν
1382 4546 1402 4612 ἡ
1422 4542 1503 4631 μετὰ
