3592 5400
491 633 532 694 28
922 648 1031 694 noris.

488 838 574 906 Idem
598 840 635 906 V.
660 840 701 906 H.
724 839 791 906 Lib.
815 842 950 907 111.1e.
972 840 1097 929 primam
1116 839 1237 906 discidii
1254 864 1373 908 eausam
1389 843 1469 908 inter

488 978 643 1047 Platonem
674 985 705 1046 et
735 980 929 1047 Aristotelem
962 979 1040 1046 hanc
1066 980 1160 1046 luisse
1182 981 1291 1059 tradit,
1313 981 1394 1067 quod
1417 981 1468 1048 hio

488 1120 601 1188 vestitu
630 1126 661 1187 et
691 1120 776 1187 cultu
807 1125 885 1187 esset
916 1120 1111 1209 elegantiore,
1145 1126 1176 1185 et
1199 1119 1381 1209 discipulum
1405 1144 1467 1187 ma·

488 1261 582 1348 gister
602 1259 671 1326 ideo
694 1260 924 1349 vituperaverit:
946 1282 1002 1325 nec
1025 1259 1083 1326 boc
1102 1259 1254 1340 abhorret,
1274 1260 1326 1326 sed
1339 1261 1469 1328 maxime

489 1401 630 1467 convenit
658 1401 781 1489 ingenio
804 1399 997 1479 Aristotelis,
1018 1400 1072 1485 qui
1094 1421 1247 1487 nunquam
1272 1400 1378 1467 doctor
1400 1423 1467 1467 um·

488 1539 621 1606 bratious
650 1541 726 1618 fuit,
756 1540 807 1606 sed
837 1541 870 1604 in
901 1539 968 1605 aula
997 1562 1100 1628 regum
1133 1540 1241 1606 versari
1272 1546 1377 1607 natus:
1401 1545 1467 1607 tum

488 1679 547 1746 Ad.
570 1679 660 1745 Stahr
681 1680 714 1744 in
738 1679 757 1745 l.
780 1701 804 1745 o.
828 1679 863 1745 Τ.
886 1702 914 1767 p.
940 1682 981 1746 57
1002 1685 1073 1746 nota
1093 1678 1168 1746 citat
1185 1679 1373 1745 Athenaeum
1390 1680 1427 1745 L.
1440 1684 1469 1745 l.

488 1844 516 1908 p.
539 1824 598 1897 21,
629 1819 680 1886 ubi
712 1819 897 1907 Hermippus
928 1818 1008 1885 idem
1039 1820 1146 1886 vitium
1174 1825 1274 1886 narrat
1305 1819 1342 1885 de
1369 1819 1469 1885 'Pheo-

487 1959 625 2048 phrasto;
661 1959 780 2025 videtur
812 1960 909 2047 igitur
943 1958 1111 2046 discipulus
1149 1958 1284 2046 magistri
1319 1958 1467 2025 carissimi

488 2100 563 2165 vitia
585 2100 673 2165 etiam
697 2099 833 2164 imitatus
857 2121 929 2163 esse⁴

532 2237 601 2304 Jam
632 2237 669 2304 ab
698 2238 838 2304 omnibus
868 2237 943 2304 viris
973 2236 1114 2314 eruditis,
1145 2237 1197 2323 qui
1228 2236 1265 2303 de
1295 2235 1353 2303 hoc
1376 2261 1467 2326 argn-

490 2384 590 2443 mento
623 2378 822 2465 scripserunt,
846 2376 1034 2442 observatum
1059 2382 1119 2455 est,
1140 2375 1335 2443 Aristotelem
1359 2400 1375 2442 a
1398 2379 1468 2444 Pla·

488 2522 558 2583 tone
588 2541 627 2582 ne
657 2517 747 2583 semel
776 2518 896 2604 quidem
926 2517 1098 2594 memorari,
1120 2517 1202 2602 quod
1223 2517 1300 2582 forte
1322 2518 1468 2585 accidisse

488 2657 540 2723 vix
571 2655 711 2722 credibile
743 2661 795 2722 est.
827 2655 921 2722 Porro
951 2655 1153 2744 Speusippus,
1184 2678 1244 2722 non
1272 2657 1468 2737 Aristoteles,

489 2796 625 2862 Platonis
655 2796 714 2862 fuit
736 2796 768 2861 iu
793 2796 942 2861 academia
965 2818 1136 2862 successor:
1159 2795 1342 2884 biographus
1365 2805 1468 2865 noster

489 2959 556 3002 cum
589 2935 655 3000 aliis
686 2935 743 3000 hoc
773 2935 893 3021 quidem
917 2934 988 3001 inde
1010 2935 1154 3024 explieat,
1177 2936 1259 3022 quod
1282 2937 1467 3027 Speusippus

488 3074 624 3141 Platonis
655 3096 691 3139 ex
722 3095 822 3139 sorore
856 3073 937 3139 filius
967 3079 1059 3151 esset,
1093 3074 1144 3140 sed
1175 3099 1266 3162 quum
1299 3075 1404 3142 multis
1435 3078 1467 3143 in

488 3214 577 3280 rebus
607 3213 798 3302 philosophia
829 3212 1005 3279 Aristotelis
1036 3213 1154 3279 differat
1185 3238 1202 3279 a
1232 3213 1385 3293 Platonis,
1404 3216 1466 3302 jam

488 3361 574 3422 antea
604 3354 772 3442 discipulus
804 3375 890 3440 saepe
920 3376 937 3417 a
959 3353 1104 3440 magistro
1127 3353 1320 3432 dissensisse,
1343 3360 1373 3420 et
1396 3377 1466 3421 con·

488 3496 617 3562 tentiose
637 3516 706 3560 oum
725 3493 779 3559 illo
798 3493 967 3580 disputasse
987 3491 1153 3558 censendus
1173 3496 1235 3558 est:
1253 3498 1353 3559 utrum
1368 3501 1467 3560 autem

488 3635 529 3700 rei
553 3640 678 3702 naturae
701 3634 797 3721 magis
820 3637 866 3699 est
889 3637 1121 3697 consentaneum
1146 3630 1290 3720 magistro
1310 3633 1468 3700 succedere

487 3797 555 3839 eum
585 3774 638 3859 qui
668 3772 778 3849 multa,
813 3794 850 3836 an
873 3772 925 3858 qni
950 3769 1028 3835 nihil
1051 3770 1083 3835 in
1106 3769 1244 3859 magistri
1268 3769 1405 3837 doctrina
1427 3774 1467 3840 sit

487 3912 708 3977 innovaturus?
741 3910 865 3976 Frustra
896 3910 975 3974 enim
1000 3914 1102 3974 noster
1126 3908 1307 3997 biographus
1331 3910 1468 3978 Platonis

488 4057 518 4116 et
539 4050 713 4117 Aristotelis
736 4050 847 4138 placita
870 4050 949 4114 inter
973 4072 1005 4114 se
1028 4049 1188 4114 conciliare
1209 4055 1347 4127 conatur,
1366 4073 1466 4118 exem·

487 4190 568 4278 plum
602 4195 723 4255 secutus
753 4190 935 4254 Graecorum
959 4188 1133 4255 Aristotelis
1156 4189 1369 4276 interpretum,
1392 4191 1467 4257 Hie-

487 4329 593 4406 roclis,
624 4327 801 4415 Porphyrii,
833 4328 970 4393 aliorum.
994 4327 1065 4394 Vid.
1091 4327 1120 4394 J.
1143 4327 1200 4393 'Ph
1223 4327 1323 4394 Buhle
1344 4328 1376 4394 in
1399 4329 1419 4395 l.
1442 4352 1467 4397 c.

490 4470 527 4533 Τ.
552 4472 580 4533 l.
603 4491 631 4555 p.
657 4472 706 4533 88.
