3592 5400
637 545 679 588 nn
695 543 944 590 cossrcnsmosa
960 544 1148 590 srsrusamr.
1392 524 1454 591 207

589 690 717 782 Είρυζνην
732 696 853 758 ιίλοντο
868 697 919 758 καὶ
933 684 1078 782 ἱδρύσανθ’
1093 695 1195 782 ἱιριίῳ.

338 811 436 870 Etiam
456 809 626 868 discrimina
645 819 725 869 certa
744 810 775 868 in
795 810 974 889 singulorum
995 810 1145 869 numinum
1164 811 1327 870 simulacris
1344 812 1455 873 obtine·

337 925 418 982 bunt.
441 922 548 980 Athen.
567 925 601 980 ll
619 941 647 998 p.
661 923 722 981 473
738 941 769 980 e:
791 906 941 990 Καδίσκος
956 966 962 978 .
978 965 985 978 .
1001 918 1124 1005 ἀγγεῖον
1139 905 1164 978 δ’
1180 917 1272 993 ἐστίν,
1292 920 1323 980 tv
1342 910 1368 998 ᾧ
1386 918 1455 992 τοὺς

337 1027 521 1101 Κτησίους
535 1024 624 1100 Δίας
637 1015 888 1115 ἐγκαθιδρύουσιν,
904 1032 945 1101 ὼς
956 1017 1153 1102 Ἀντικλείδης
1167 1029 1253 1114 φησὶν
1268 1031 1299 1091 ίν
1313 1036 1357 1108 τῷ
1369 1019 1456 1101 'Edu-

335 1147 469 1222 γητικῷ,
491 1135 614 1226 γράφων
634 1135 742 1210 οὕτως·
762 1135 832 1210 Διὸς
853 1134 985 1206 Κτησίου
1005 1148 1114 1226 σημεῖα
1135 1128 1282 1225 ἱδρύεσθαι
1303 1138 1358 1226 yps]
1381 1127 1454 1201 ὧδι·

336 1239 480 1312 καδίσκον
490 1246 592 1309 καινὸν
602 1244 848 1335 ἐπιθηματοῦντα
863 1243 970 1334 στέψαι
981 1247 1039 1310 τοὶι
1055 1243 1121 1310 ὦτα
1133 1247 1233 1331 (rasis)
1246 1249 1313 1336 ίρίῳ
1327 1252 1426 1330 λευκῷ
1432 1247 1454 1327 ²,

336 1361 388 1421 καὶ
406 1362 443 1421 ἐκ
461 1365 517 1420 τοῦ
537 1358 622 1446 ὤμου
641 1367 697 1421 τοῦ
718 1346 816 1430 δεξιοῦ
840 1359 966 1420 καὶτοῦ
987 1358 1129 1447 μετώπου
1150 1348 1302 1447 δουρίνων
1320 1359 1455 1448 κροκῶνῖ

336 1466 480 1547 tudelam,
495 1467 556 1531 ὅτι
572 1464 608 1530 ἂν
623 1466 741 1555 εὗρης4,
756 1469 808 1531 καὶ
821 1467 923 1556 ίκχέαι
938 1470 1108 1557 ἀμβροσίαν.
1138 1474 1157 1540 ἡ
1173 1459 1198 1532 δ’
1214 1471 1361 1558 ἀμβροσία
1376 1460 1455 1559 ὕδωρ

337 1578 510 1667 ἀκραιφνές,
532 1582 648 1657 ἔλαιον,
667 1580 850 1667 παγκαρπία
878 1581 953 1668 ἄτερ
975 1582 1097 1667 ἔμβαλε
1112 1620 1149 1631 -
1166 1584 1294 1644 Oracnla
1313 1587 1379 1664 ipsa
1398 1604 1455 1645 non

337 1695 433 1754 solum
452 1695 537 1753 condi
553 1703 665 1753 statuas
684 1688 727 1771 (ut
747 1695 886 1753 llerodot.
907 1696 940 1764 5,
958 1696 1007 1754 82.
1035 1698 1124 1754 Paua.
1142 1699 1175 1766 8,
1192 1698 1247 1767 42,
1263 1690 1295 1773 4)
1316 1706 1345 1755 et
1359 1695 1455 1755 ornari

338 1805 493 1881 aliquoties
510 1805 661 1874 iubebant,
677 1806 756 1863 velut
768 1806 911 1882 Hyperid.
927 1825 979 1881 pro
994 1807 1166 1882 Euxenippo
1182 1808 1235 1865 ool.
1247 1809 1286 1865 35
1299 1807 1350 1866 lin.
1362 1809 1396 1866 tl
1409 1826 1454 1884 sq.

338 1917 374 1974 ad
387 1915 584 1975 Athenienses
598 1915 654 1973 ait:
674 1913 744 1997 ὑμῖν
758 1911 815 1999 γαρ
830 1914 847 1972 ὁ
861 1908 935 1982 Ζεύς
950 1913 966 1972 ὁ
981 1900 1162 1984 Δωδωναῖος
1175 1903 1357 1998 προσέταξεν
1371 1917 1403 1976 ἐν
1416 1922 1456 1996 τῇ

339 2021 466 2108 μαντεία
484 2020 521 2083 τὸ
541 2018 667 2109 ἄγαλμα
688 2028 742 2094 τῆς
762 2018 875 2093 Διώνης
895 2023 1107 2107 ἐπικοσμῆσαι,
1130 2027 1182 2085 sed
1204 2027 1291 2084 etiam
1314 2029 1455 2103 quomodo

340 2137 527 2196 simulacrum
545 2137 735 2213 sculpendum
755 2144 786 2195 et
800 2137 905 2212 quibus
925 2135 1054 2195 vestibus
1075 2139 1228 2215 tegendum
1249 2147 1341 2208 esset,
1362 2146 1454 2209 vates,

338 2248 420 2306 utin
441 2245 638 2323 compluribus
656 2247 813 2323 Porphyrii
834 2248 975 2323 oraculis,
994 2249 1146 2307 canebant.
1173 2250 1219 2306 Ita
1238 2246 1374 2327 Orpheus
1395 2249 1456 2307 sive

338 2358 434 2435 potius
450 2357 552 2417 Nicias
568 2358 598 2414 in
614 2358 706 2416 sacris
720 2358 905 2416 Liberalibus
922 2359 999 2435 apud
1014 2360 1142 2418 Macrob.
1160 2358 1221 2419 Sat.
1241 2363 1273 2430 1,
1292 2362 1329 2419 18
1345 2354 1454 2438 (Orph.

339 2469 381 2526 ed.
397 2469 501 2527 Herm.
516 2468 552 2526 fr.
571 2469 598 2526 7.
614 2487 641 2525 v.
661 2470 699 2525 10
714 2485 779 2543 sqq.
795 2468 868 2527 Lob.
885 2470 952 2546 Agl.
967 2464 1039 2546 729)
1055 2470 1090 2526 de
1106 2467 1184 2528 Solis
1200 2470 1353 2528 simulacro
1369 2489 1456 2546 expo·
1514 2544 1521 2554 ·

338 2580 411 2638 suita
426 2580 482 2637 lroc
495 2578 590 2654 prima
603 2578 668 2636 luce
682 2579 845 2636 consecrari
860 2579 989 2648 iubetur,
1006 2587 1038 2635 ut
1052 2587 1208 2637 nocturnae
1223 2580 1353 2637 Hecatae
1367 2580 1456 2639 simu·

338 2690 446 2749 lacrum
462 2696 555 2748 nocte.
578 2690 648 2765 Ipsa
661 2689 806 2748 Fortunae
822 2696 920 2749 statua
933 2689 1090 2767 rationem,
1108 2708 1166 2766 qua
1180 2700 1350 2750 consecrata
1364 2700 1452 2763 esset,

338 2800 449 2859 Romae
464 2800 560 2859 uerbis
574 2800 739 2859 laudavisse
758 2801 914 2859 ferebatur.
942 2802 1020 2861 Plut.
1037 2803 1073 2861 de
1091 2802 1158 2860 fort.
1175 2802 1259 2861 Rom.
1277 2803 1294 2860 2
1310 2822 1339 2879 p.
1351 2804 1410 2863 319
1427 2823 1453 2863 a.

338 2911 436 2970 Valer.
451 2912 528 2970 Max.
548 2913 579 2981 1,
597 2913 630 2980 8,
647 2914 675 2970 4.

401 3021 658 3081 Consecrabantur
671 3022 760 3099 igitur
774 3023 930 3082 simulacra
945 3024 1033 3082 etiam
1048 3024 1219 3085 florentibus
1233 3026 1320 3085 rebus
1332 3026 1455 3087 Graecis

339 3142 367 3191 et
381 3132 540 3203 Romanis,
562 3150 656 3208 neque
675 3152 734 3190 una
752 3134 865 3191 ratione
880 3136 990 3204 omnia,
1011 3136 1063 3193 sed
1083 3137 1151 3194 aliis
1171 3138 1201 3194 in
1217 3139 1384 3196 numinibus
1403 3139 1455 3196 alii

338 3245 411 3303 ritus
423 3243 570 3302 valebant.
593 3243 696 3319 Neque
708 3244 866 3302 effecerunt
880 3245 924 3302 illi
939 3246 1012 3303 ritus
1025 3253 1139 3304 statuae
1154 3245 1247 3321 ipsius
1259 3246 1454 3304 divinitatem:

338 3354 389 3413 sed
409 3361 516 3429 sponte
533 3354 652 3412 numina
671 3355 813 3429 quasdam
833 3373 886 3412 sua
905 3355 1074 3430 praesentia
1093 3374 1128 3413 ac
1148 3355 1300 3412 divinitate
1314 3356 1455 3413 distinxe-

338 3473 416 3523 runt.
443 3464 529 3522 Mitto
550 3464 737 3542 Theogenem
756 3465 853 3533 illum,
874 3465 923 3539 qni
944 3467 982 3523 ab
1002 3465 1114 3521 Hecate
1134 3484 1188 3523 sua
1206 3483 1264 3522 nou
1280 3467 1382 3533 verba,
1403 3466 1455 3523 sed

338 3577 424 3653 signa
437 3582 550 3633 tantum
561 3582 649 3650 atque
662 3575 882 3651 inspirationem
894 3573 1008 3631 videtur
1020 3576 1150 3650 petiisse.
1174 3570 1255 3633 Suid.
1265 3594 1289 3633 s.
1299 3576 1455 3654 Theagene

338 3679 400 3763 (qui
415 3705 451 3743 ex
464 3684 577 3762 perdito
592 3686 703 3745 sobolio
717 3687 755 3744 ad
769 3685 919 3761 Aristoph.
935 3684 1062 3759 Lysistr.
1080 3687 1117 3744 63
1133 3678 1297 3763 hauserat)=
1312 3682 1455 3768 παροιμία

408 3898 416 3932 ¹
435 3899 480 3952 Sic
491 3898 584 3952 Iacobs
595 3915 642 3968 pro
656 3897 784 3969 στέψαντα.

407 3984 418 4016 ²
436 3983 583 4036 Simulaora
595 3989 621 4035 et
632 3999 690 4035 aras
702 3986 796 4037 taeniis
808 3984 890 4037 laneis
903 3989 993 4036 ornata
1005 3999 1063 4036 esso
1074 4001 1151 4039 nemo
1164 3986 1259 4052 nesoit;
1271 3983 1359 4040 floccis
1372 3987 1454 4041 laneis

339 4074 445 4120 ornatus
458 4068 597 4121 umbilicus
609 4069 699 4139 templi
710 4069 828 4138 Delphici
839 4085 941 4137 semper
952 4069 1076 4137 pingitur.

406 4152 417 4185 ³
436 4152 480 4205 Sic
492 4153 584 4222 scripsi
596 4170 640 4223 pro
655 4153 769 4222 μετώπου
782 4156 826 4203 τοῦ
839 4152 938 4223 κροκίου
951 4153 991 4203 καὶ
1004 4151 1113 4209 ἐσθεῖναι.
1142 4156 1260 4210 Genetivi
1272 4158 1453 4226 compendium

338 4238 363 4290 in
376 4238 480 4306 syllaba
492 4238 535 4288 δου
547 4239 614 4291 falso
626 4239 727 4289 videtur
737 4239 899 4289 intellectum
910 4238 999 4303 fuisse,
1012 4240 1065 4290 κίου
1078 4247 1104 4292 ot
1115 4241 1155 4291 καί
1166 4249 1253 4293 autern
1265 4242 1454 4309 dittographias

336 4323 419 4375 fuisse
436 4340 484 4391 pro
502 4324 552 4372 κῶν
568 4324 685 4381 οιΙιὶίῐοι.
712 4322 786 4376 Phol.
805 4327 921 4394 κροκοῦνε
941 4323 964 4375 οἱ
976 4327 1077 4394 μύσται,
1094 4323 1128 4385 ὡς
1141 4326 1211 4394 φασί,
1228 4327 1305 4393 κρόκῃ
1318 4324 1360 4390 τὴν
1377 4326 1455 4385 δεξιὰν

338 4410 410 4476 χεῖρα
423 4407 463 4457 καὶ
476 4406 518 4456 τον
531 4406 666 4477 (ἀριστερὸν
679 4407 761 4458 Bekk.
774 4408 862 4459 anecd.
874 4426 900 4477 p.
913 4408 971 4464 2i3.
985 4410 1029 4478 26)
1046 4411 1113 4460 πόδα
1125 4410 1269 4459 ἀναδοῦνται
1281 4410 1455 4477 (καταδσῦνται

337 4490 420 4542 Bekk.
434 4491 535 4558 anecd.)
550 4533 556 4545 .
571 4534 577 4545 .
592 4492 645 4542 Δέιυ
657 4490 683 4541 ἐκ
695 4492 825 4562 Aristoph.
837 4492 948 4545 Acharn.
964 4494 1027 4546 1137
1039 4496 1072 4547 sl.

406 4576 417 4607 ⁴
435 4575 477 4627 An
489 4574 556 4644 ὥρας
567 4570 583 4644 ᾖ
596 4577 650 4628 sive
662 4573 753 4645 ὡραίου
765 4572 799 4646 q?
