<?xml version="1.0" encoding="UTF-8"?>
<!DOCTYPE html PUBLIC "-//W3C//DTD XHTML 1.0 Transitional//EN"
    "http://www.w3.org/TR/xhtml1/DTD/xhtml1-transitional.dtd">
<html xmlns="http://www.w3.org/1999/xhtml" xml:lang="en" lang="en">
 <head>
  <title>
</title>
<meta http-equiv="Content-Type" content="text/html;charset=utf-8" />
  <meta name='ocr-system' content='tesseract 3.04.00' />
  <meta name='ocr-capabilities' content='ocr_page ocr_carea ocr_par ocr_line ocrx_word'/>
</head>
<body>
  <div class='ocr_page' id='page_1' title='image "./pamphletsonaris00porpgoog_0301.png"; bbox 0 0 3592 5400; ppageno 0'>
   <div class='ocr_carea' id='block_1_1' title="bbox 573 977 1254 1178">
    <p class='ocr_par' dir='ltr' id='par_1_1' title="bbox 573 977 1254 1178">
     <span class='ocr_line' id='line_1_1' title="bbox 682 977 1254 1052; baseline -0.003 0"><span class='ocrx_word' id='word_1_1' title='bbox 682 977 1129 1052; x_wconf 72' lang='lat' dir='ltr'>scammum</span> <span class='ocrx_word' id='word_1_2' title='bbox 1240 990 1254 1002; x_wconf 83' lang='lat'><em>&#39;</em></span> 
     </span>
     <span class='ocr_line' id='line_1_2' title="bbox 573 1108 1028 1178; baseline 0.004 -18"><span class='ocrx_word' id='word_1_3' title='bbox 573 1108 576 1113; x_wconf 85' lang='lat'>·</span> <span class='ocrx_word' id='word_1_4' title='bbox 786 1108 1028 1178; x_wconf 80' lang='lat' dir='ltr'>adp.116-1‘21.</span> 
     </span>
    </p>
   </div>
   <div class='ocr_carea' id='block_1_2' title="bbox 396 1284 1411 1457">
    <p class='ocr_par' dir='ltr' id='par_1_2' title="bbox 396 1284 1411 1457">
     <span class='ocr_line' id='line_1_3' title="bbox 396 1284 1411 1350; baseline -0.001 -1"><span class='ocrx_word' id='word_1_5' title='bbox 396 1291 455 1350; x_wconf 82' lang='grc' dir='ltr'>ΒΕ</span> <span class='ocrx_word' id='word_1_6' title='bbox 478 1286 722 1350; x_wconf 78' lang='lat' dir='ltr'>VOLUCRIUM</span> <span class='ocrx_word' id='word_1_7' title='bbox 746 1284 983 1348; x_wconf 68' lang='lat' dir='ltr'>sscsslslcsss</span> <span class='ocrx_word' id='word_1_8' title='bbox 1006 1287 1119 1348; x_wconf 85' lang='lat' dir='ltr'><strong>APUD</strong></span> <span class='ocrx_word' id='word_1_9' title='bbox 1142 1286 1334 1350; x_wconf 82' lang='lat' dir='ltr'>GRAECOS</span> <span class='ocrx_word' id='word_1_10' title='bbox 1356 1290 1411 1348; x_wconf 82' lang='lat' dir='ltr'>ET</span> 
     </span>
     <span class='ocr_line' id='line_1_4' title="bbox 799 1394 1009 1457; baseline 0.01 -2"><span class='ocrx_word' id='word_1_11' title='bbox 799 1394 1009 1457; x_wconf 84' lang='lat' dir='ltr'><strong>ROMANOS.</strong></span> 
     </span>
    </p>
   </div>
   <div class='ocr_carea' id='block_1_3' title="bbox 337 1739 1464 4481">
    <p class='ocr_par' dir='ltr' id='par_1_3' title="bbox 337 1739 1464 4481">
     <span class='ocr_line' id='line_1_5' title="bbox 408 1739 1464 1818; baseline 0.001 -18"><span class='ocrx_word' id='word_1_12' title='bbox 408 1743 519 1801; x_wconf 79' lang='lat' dir='ltr'>Versus</span> <span class='ocrx_word' id='word_1_13' title='bbox 533 1740 628 1798; x_wconf 82' lang='lat' dir='ltr'><strong>nostri</strong></span> <span class='ocrx_word' id='word_1_14' title='bbox 643 1740 680 1798; x_wconf 89' lang='lat'>16</span> <span class='ocrx_word' id='word_1_15' title='bbox 693 1747 722 1797; x_wconf 88' lang='lat' dir='ltr'>et</span> <span class='ocrx_word' id='word_1_16' title='bbox 734 1741 771 1800; x_wconf 87' lang='lat'>31</span> <span class='ocrx_word' id='word_1_17' title='bbox 786 1739 945 1798; x_wconf 83' lang='lat' dir='ltr'>volucrium</span> <span class='ocrx_word' id='word_1_18' title='bbox 957 1739 991 1796; x_wconf 86' lang='lat' dir='ltr'>iu·</span> <span class='ocrx_word' id='word_1_19' title='bbox 1001 1739 1154 1800; x_wconf 82' lang='lat' dir='ltr'>sacn&#39;iiciis</span> <span class='ocrx_word' id='word_1_20' title='bbox 1165 1759 1249 1799; x_wconf 91' lang='lat' dir='ltr'>usum</span> <span class='ocrx_word' id='word_1_21' title='bbox 1260 1741 1321 1799; x_wconf 87' lang='lat' dir='ltr'>late</span> <span class='ocrx_word' id='word_1_22' title='bbox 1332 1743 1464 1818; x_wconf 89' lang='lat' dir='ltr'>patuisse</span> 
     </span>
     <span class='ocr_line' id='line_1_6' title="bbox 343 1849 1464 1930; baseline -0.002 -16"><span class='ocrx_word' id='word_1_23' title='bbox 343 1854 421 1930; x_wconf 84' lang='lat' dir='ltr'>apud</span> <span class='ocrx_word' id='word_1_24' title='bbox 435 1857 549 1910; x_wconf 87' lang='lat' dir='ltr'>veteres</span> <span class='ocrx_word' id='word_1_25' title='bbox 564 1850 691 1927; x_wconf 88' lang='lat' dir='ltr'>produnt</span> <span class='ocrx_word' id='word_1_26' title='bbox 696 1871 705 1921; x_wconf 91' lang='lat'>;</span> <span class='ocrx_word' id='word_1_27' title='bbox 720 1850 809 1908; x_wconf 85' lang='lat' dir='ltr'>latius</span> <span class='ocrx_word' id='word_1_28' title='bbox 825 1849 914 1908; x_wconf 84' lang='lat' dir='ltr'>etiam</span> <span class='ocrx_word' id='word_1_29' title='bbox 929 1858 1057 1926; x_wconf 85' lang='lat' dir='ltr'>pateret,</span> <span class='ocrx_word' id='word_1_30' title='bbox 1072 1850 1097 1909; x_wconf 90' lang='lat' dir='ltr'>si</span> <span class='ocrx_word' id='word_1_31' title='bbox 1113 1851 1294 1930; x_wconf 78' lang='lat' dir='ltr'>Porphyrius</span> <span class='ocrx_word' id='word_1_32' title='bbox 1309 1861 1388 1911; x_wconf 88' lang='lat' dir='ltr'>recta</span> <span class='ocrx_word' id='word_1_33' title='bbox 1403 1871 1464 1912; x_wconf 90' lang='lat' dir='ltr'>car·</span> 
     </span>
     <span class='ocr_line' id='line_1_7' title="bbox 344 1961 1464 2039; baseline -0.002 -15"><span class='ocrx_word' id='word_1_34' title='bbox 344 1983 409 2024; x_wconf 88' lang='lat' dir='ltr'>men</span> <span class='ocrx_word' id='word_1_35' title='bbox 420 1963 671 2039; x_wconf 81' lang='lat' dir='ltr'>interpretaretur.</span> <span class='ocrx_word' id='word_1_36' title='bbox 687 1964 764 2021; x_wconf 86' lang='lat' dir='ltr'>Esse</span> <span class='ocrx_word' id='word_1_37' title='bbox 776 1961 955 2019; x_wconf 85' lang='lat' dir='ltr'>sacrificatas</span> <span class='ocrx_word' id='word_1_38' title='bbox 967 1961 1057 2019; x_wconf 81' lang='lat' dir='ltr'>etiam</span> <span class='ocrx_word' id='word_1_39' title='bbox 1068 1962 1200 2021; x_wconf 83' lang='lat' dir='ltr'>volucres</span> <span class='ocrx_word' id='word_1_40' title='bbox 1212 1970 1336 2022; x_wconf 86' lang='lat' dir='ltr'>constat.</span> <span class='ocrx_word' id='word_1_41' title='bbox 1351 1965 1464 2022; x_wconf 86' lang='lat' dir='ltr'>Aruo-</span> 
     </span>
     <span class='ocr_line' id='line_1_8' title="bbox 344 2072 1463 2147; baseline 0 -13"><span class='ocrx_word' id='word_1_42' title='bbox 344 2075 424 2134; x_wconf 91' lang='lat' dir='ltr'>bius</span> <span class='ocrx_word' id='word_1_43' title='bbox 440 2074 517 2131; x_wconf 90' lang='lat' dir='ltr'>enim</span> <span class='ocrx_word' id='word_1_44' title='bbox 532 2073 596 2131; x_wconf 85' lang='lat' dir='ltr'>adv.</span> <span class='ocrx_word' id='word_1_45' title='bbox 612 2073 747 2132; x_wconf 86' lang='lat' dir='ltr'>nationes</span> <span class='ocrx_word' id='word_1_46' title='bbox 764 2074 792 2132; x_wconf 89' lang='lat'>7.</span> <span class='ocrx_word' id='word_1_47' title='bbox 813 2073 850 2131; x_wconf 81' lang='lat'>16</span> <span class='ocrx_word' id='word_1_48' title='bbox 865 2072 922 2129; x_wconf 87' lang='lat' dir='ltr'>ait:</span> <span class='ocrx_word' id='word_1_49' title='bbox 948 2072 1105 2147; x_wconf 78' lang='lat' dir='ltr'>„quoniam</span> <span class='ocrx_word' id='word_1_50' title='bbox 1119 2074 1289 2132; x_wconf 83' lang='lat' dir='ltr'>volucres</span> <span class='ocrx_word' id='word_1_51' title='bbox 1302 2075 1463 2135; x_wconf 83' lang='lat' dir='ltr'>hostiarum</span> 
     </span>
     <span class='ocr_line' id='line_1_9' title="bbox 343 2183 1462 2263; baseline 0.001 -20"><span class='ocrx_word' id='word_1_52' title='bbox 343 2204 458 2263; x_wconf 87' lang='lat' dir='ltr'>quoque</span> <span class='ocrx_word' id='word_1_53' title='bbox 472 2184 503 2242; x_wconf 89' lang='lat' dir='ltr'>iu</span> <span class='ocrx_word' id='word_1_54' title='bbox 518 2202 637 2242; x_wconf 87' lang='lat' dir='ltr'>numero</span> <span class='ocrx_word' id='word_1_55' title='bbox 652 2183 776 2260; x_wconf 89' lang='lat' dir='ltr'>ponitis,</span> <span class='ocrx_word' id='word_1_56' title='bbox 793 2202 844 2242; x_wconf 94' lang='lat' dir='ltr'>cur</span> <span class='ocrx_word' id='word_1_57' title='bbox 858 2203 919 2241; x_wconf 90' lang='lat' dir='ltr'>nun</span> <span class='ocrx_word' id='word_1_58' title='bbox 935 2183 1089 2254; x_wconf 84' lang='lat' dir='ltr'>volturios,</span> <span class='ocrx_word' id='word_1_59' title='bbox 1104 2185 1234 2260; x_wconf 88' lang='lat' dir='ltr'>aquilas,</span> <span class='ocrx_word' id='word_1_60' title='bbox 1250 2185 1393 2257; x_wconf 86' lang='lat' dir='ltr'>ciconias,</span> <span class='ocrx_word' id='word_1_61' title='bbox 1408 2186 1462 2246; x_wconf 88' lang='lat' dir='ltr'>im·</span> 
     </span>
     <span class='ocr_line' id='line_1_10' title="bbox 343 2291 1461 2374; baseline 0.003 -19"><span class='ocrx_word' id='word_1_62' title='bbox 343 2296 505 2365; x_wconf 84' lang='lat' dir='ltr'>massulos,</span> <span class='ocrx_word' id='word_1_63' title='bbox 520 2297 677 2365; x_wconf 80' lang='lat' dir='ltr'>buteones,</span> <span class='ocrx_word' id='word_1_64' title='bbox 694 2312 810 2366; x_wconf 85' lang='lat' dir='ltr'>corvos,</span> <span class='ocrx_word' id='word_1_65' title='bbox 822 2295 992 2370; x_wconf 81' lang='lat' dir='ltr'>accipitres,</span> <span class='ocrx_word' id='word_1_66' title='bbox 1004 2291 1163 2355; x_wconf 78' lang='lat' dir='ltr'>noctuasi“</span> <span class='ocrx_word' id='word_1_67' title='bbox 1182 2295 1296 2373; x_wconf 79' lang='lat' dir='ltr'>Sibylla</span> <span class='ocrx_word' id='word_1_68' title='bbox 1307 2316 1354 2374; x_wconf 89' lang='lat' dir='ltr'>ap.</span> <span class='ocrx_word' id='word_1_69' title='bbox 1368 2296 1461 2358; x_wconf 87' lang='lat' dir='ltr'>Clem.</span> 
     </span>
     <span class='ocr_line' id='line_1_11' title="bbox 342 2390 1463 2487; baseline -0.001 -20"><span class='ocrx_word' id='word_1_70' title='bbox 342 2409 425 2468; x_wconf 84' lang='lat' dir='ltr'>Alex.</span> <span class='ocrx_word' id='word_1_71' title='bbox 441 2413 531 2483; x_wconf 87' lang='lat' dir='ltr'>protr.</span> <span class='ocrx_word' id='word_1_72' title='bbox 544 2408 574 2464; x_wconf 85' lang='lat'>4.</span> <span class='ocrx_word' id='word_1_73' title='bbox 588 2406 626 2464; x_wconf 77' lang='lat'>62</span> <span class='ocrx_word' id='word_1_74' title='bbox 643 2424 672 2481; x_wconf 91' lang='lat' dir='ltr'>p.</span> <span class='ocrx_word' id='word_1_75' title='bbox 689 2407 725 2464; x_wconf 90' lang='lat'>18</span> <span class='ocrx_word' id='word_1_76' title='bbox 742 2403 825 2481; x_wconf 87' lang='lat' dir='ltr'>Sylb.</span> <span class='ocrx_word' id='word_1_77' title='bbox 842 2397 968 2462; x_wconf 84' lang='grc' dir='ltr'>θυσίαισι</span> <span class='ocrx_word' id='word_1_78' title='bbox 982 2390 1193 2487; x_wconf 76' lang='grc' dir='ltr'>τετραπόδων,</span> <span class='ocrx_word' id='word_1_79' title='bbox 1209 2390 1355 2481; x_wconf 88' lang='grc' dir='ltr'>διπόδων,</span> <span class='ocrx_word' id='word_1_80' title='bbox 1369 2426 1463 2474; x_wconf 92' lang='grc' dir='ltr'>πτη-</span> 
     </span>
     <span class='ocr_line' id='line_1_12' title="bbox 343 2503 1462 2599; baseline 0.002 -23"><span class='ocrx_word' id='word_1_81' title='bbox 343 2523 408 2577; x_wconf 82' lang='grc' dir='ltr'>νῶν</span> <span class='ocrx_word' id='word_1_82' title='bbox 433 2509 585 2599; x_wconf 82' lang='grc' dir='ltr'>θηρῶντι</span> <span class='ocrx_word' id='word_1_83' title='bbox 607 2509 727 2599; x_wconf 91' lang='grc' dir='ltr'>φόνοισι</span> <span class='ocrx_word' id='word_1_84' title='bbox 754 2517 869 2574; x_wconf 83' lang='lat' dir='ltr'><strong>Aeneas</strong></span> <span class='ocrx_word' id='word_1_85' title='bbox 892 2515 966 2575; x_wconf 65' lang='grc' dir='ltr'>(λιιι.</span> <span class='ocrx_word' id='word_1_86' title='bbox 987 2516 1136 2592; x_wconf 86' lang='lat' dir='ltr'>Theophr.</span> <span class='ocrx_word' id='word_1_87' title='bbox 1157 2536 1186 2593; x_wconf 91' lang='lat' dir='ltr'>p.</span> <span class='ocrx_word' id='word_1_88' title='bbox 1203 2518 1240 2576; x_wconf 86' lang='grc'>16</span> <span class='ocrx_word' id='word_1_89' title='bbox 1263 2513 1357 2580; x_wconf 84' lang='lat' dir='ltr'>Boias.</span> <span class='ocrx_word' id='word_1_90' title='bbox 1381 2519 1407 2577; x_wconf 87' lang='grc' dir='ltr'>εἰ</span> <span class='ocrx_word' id='word_1_91' title='bbox 1429 2503 1462 2578; x_wconf 87' lang='grc' dir='ltr'>δὲ</span> 
     </span>
     <span class='ocr_line' id='line_1_13' title="bbox 342 2617 1460 2710; baseline 0.001 -23"><span class='ocrx_word' id='word_1_92' title='bbox 342 2623 482 2687; x_wconf 79' lang='grc' dir='ltr'>ἁλόντα</span> <span class='ocrx_word' id='word_1_93' title='bbox 501 2621 548 2686; x_wconf 81' lang='grc' dir='ltr'>τοὶ</span> <span class='ocrx_word' id='word_1_94' title='bbox 568 2620 675 2710; x_wconf 89' lang='grc' dir='ltr'>ὄρνεα</span> <span class='ocrx_word' id='word_1_95' title='bbox 701 2617 828 2683; x_wconf 92' lang='grc' dir='ltr'>θύοιτο</span> <span class='ocrx_word' id='word_1_96' title='bbox 848 2668 874 2683; x_wconf 93' lang='grc'>..</span> <span class='ocrx_word' id='word_1_97' title='bbox 901 2624 1148 2685; x_wconf 84' lang='lat' dir='ltr'>Sacrificabantur</span> <span class='ocrx_word' id='word_1_98' title='bbox 1166 2627 1283 2685; x_wconf 90' lang='lat' dir='ltr'>Dianae</span> <span class='ocrx_word' id='word_1_99' title='bbox 1302 2628 1460 2707; x_wconf 81' lang='lat' dir='ltr'>Laphriae,</span> 
     </span>
     <span class='ocr_line' id='line_1_14' title="bbox 341 2732 1463 2819; baseline 0.001 -20"><span class='ocrx_word' id='word_1_100' title='bbox 341 2760 416 2817; x_wconf 83' lang='lat' dir='ltr'>quae</span> <span class='ocrx_word' id='word_1_101' title='bbox 430 2759 449 2799; x_wconf 91' lang='lat' dir='ltr'>a</span> <span class='ocrx_word' id='word_1_102' title='bbox 463 2739 635 2810; x_wconf 79' lang='lat' dir='ltr'>Messeniis,</span> <span class='ocrx_word' id='word_1_103' title='bbox 653 2737 837 2814; x_wconf 82' lang='lat' dir='ltr'>Calydoniis,</span> <span class='ocrx_word' id='word_1_104' title='bbox 852 2738 1060 2808; x_wconf 82' lang='lat' dir='ltr'>Patrensibus,</span> <span class='ocrx_word' id='word_1_105' title='bbox 1079 2739 1146 2796; x_wconf 89' lang='lat' dir='ltr'>aliis</span> <span class='ocrx_word' id='word_1_106' title='bbox 1162 2740 1311 2798; x_wconf 81' lang='lat' dir='ltr'>colebatur</span> <span class='ocrx_word' id='word_1_107' title='bbox 1326 2732 1463 2819; x_wconf 86' lang='lat' dir='ltr'>(Mueller</span> 
     </span>
     <span class='ocr_line' id='line_1_15' title="bbox 340 2834 1462 2936; baseline 0.001 -26"><span class='ocrx_word' id='word_1_108' title='bbox 340 2852 413 2911; x_wconf 90' lang='lat' dir='ltr'>Dor.</span> <span class='ocrx_word' id='word_1_109' title='bbox 430 2851 446 2909; x_wconf 96' lang='grc' dir='ltr'><strong>Ι</strong></span> <span class='ocrx_word' id='word_1_110' title='bbox 460 2870 489 2927; x_wconf 89' lang='lat' dir='ltr'>p.</span> <span class='ocrx_word' id='word_1_111' title='bbox 503 2851 563 2909; x_wconf 89' lang='lat'>377</span> <span class='ocrx_word' id='word_1_112' title='bbox 580 2858 640 2907; x_wconf 87' lang='lat' dir='ltr'><strong>not.</strong></span> <span class='ocrx_word' id='word_1_113' title='bbox 654 2850 672 2907; x_wconf 86' lang='lat'>5</span> <span class='ocrx_word' id='word_1_114' title='bbox 689 2849 733 2908; x_wconf 85' lang='lat' dir='ltr'>ed.</span> <span class='ocrx_word' id='word_1_115' title='bbox 750 2842 789 2926; x_wconf 88' lang='lat'>1).</span> <span class='ocrx_word' id='word_1_116' title='bbox 812 2849 902 2909; x_wconf 88' lang='lat' dir='ltr'>Paus.</span> <span class='ocrx_word' id='word_1_117' title='bbox 920 2851 948 2909; x_wconf 92' lang='lat'>7.</span> <span class='ocrx_word' id='word_1_118' title='bbox 968 2851 1015 2909; x_wconf 87' lang='lat'>18.</span> <span class='ocrx_word' id='word_1_119' title='bbox 1033 2851 1050 2907; x_wconf 99' lang='lat'><strong>7</strong></span> <span class='ocrx_word' id='word_1_120' title='bbox 1059 2870 1067 2907; x_wconf 77' lang='lat' dir='ltr'><strong><em>z</em></strong></span> <span class='ocrx_word' id='word_1_121' title='bbox 1082 2837 1207 2935; x_wconf 81' lang='grc' dir='ltr'>Ἄγουσι</span> <span class='ocrx_word' id='word_1_122' title='bbox 1223 2834 1256 2909; x_wconf 86' lang='grc' dir='ltr'>δὲ</span> <span class='ocrx_word' id='word_1_123' title='bbox 1270 2846 1322 2909; x_wconf 87' lang='grc' dir='ltr'>καὶ</span> <span class='ocrx_word' id='word_1_124' title='bbox 1335 2843 1462 2936; x_wconf 87' lang='grc' dir='ltr'>Λάφρια</span> 
     </span>
     <span class='ocr_line' id='line_1_16' title="bbox 341 2943 1462 3047; baseline 0.001 -26"><span class='ocrx_word' id='word_1_125' title='bbox 341 2956 446 3045; x_wconf 70' lang='grc' dir='ltr'>ἑορτὴν</span> <span class='ocrx_word' id='word_1_126' title='bbox 460 2965 501 3041; x_wconf 74' lang='grc' dir='ltr'>τῇ</span> <span class='ocrx_word' id='word_1_127' title='bbox 512 2943 659 3043; x_wconf 81' lang='grc' dir='ltr'>Ἀρτέμιδι</span> <span class='ocrx_word' id='word_1_128' title='bbox 674 2957 701 3017; x_wconf 83' lang='grc' dir='ltr'>οἱ</span> <span class='ocrx_word' id='word_1_129' title='bbox 712 2952 843 3042; x_wconf 77' lang='grc' dir='ltr'>Πατρεῖς</span> <span class='ocrx_word' id='word_1_130' title='bbox 858 2954 916 3018; x_wconf 86' lang='grc' dir='ltr'>ἀνά</span> <span class='ocrx_word' id='word_1_131' title='bbox 930 2964 990 3018; x_wconf 84' lang='grc' dir='ltr'>πάν</span> <span class='ocrx_word' id='word_1_132' title='bbox 1005 2960 1072 3030; x_wconf 81' lang='grc' dir='ltr'>ἔτος</span> <span class='ocrx_word' id='word_1_133' title='bbox 1086 3005 1112 3018; x_wconf 94' lang='grc'>..</span> <span class='ocrx_word' id='word_1_134' title='bbox 1128 2955 1308 3040; x_wconf 85' lang='grc' dir='ltr'>ἐσβάλλουσι</span> <span class='ocrx_word' id='word_1_135' title='bbox 1319 2957 1376 3047; x_wconf 79' lang='grc' dir='ltr'>γάρ</span> <span class='ocrx_word' id='word_1_136' title='bbox 1390 2948 1462 3034; x_wconf 80' lang='grc' dir='ltr'>ζῶν-</span> 
     </span>
     <span class='ocr_line' id='line_1_17' title="bbox 339 3055 1462 3156; baseline 0.003 -25"><span class='ocrx_word' id='word_1_137' title='bbox 339 3091 395 3143; x_wconf 87' lang='grc' dir='ltr'>τας</span> <span class='ocrx_word' id='word_1_138' title='bbox 409 3070 439 3141; x_wconf 90' lang='grc' dir='ltr'>ἐς</span> <span class='ocrx_word' id='word_1_139' title='bbox 452 3066 507 3130; x_wconf 82' lang='grc' dir='ltr'>τόν</span> <span class='ocrx_word' id='word_1_140' title='bbox 523 3065 624 3152; x_wconf 88' lang='grc' dir='ltr'>βωμόν</span> <span class='ocrx_word' id='word_1_141' title='bbox 640 3062 784 3153; x_wconf 87' lang='grc' dir='ltr'>ὄρνιθάς</span> <span class='ocrx_word' id='word_1_142' title='bbox 803 3087 839 3128; x_wconf 88' lang='grc' dir='ltr'>τε</span> <span class='ocrx_word' id='word_1_143' title='bbox 858 3066 945 3140; x_wconf 84' lang='grc' dir='ltr'>τοὺς</span> <span class='ocrx_word' id='word_1_144' title='bbox 964 3055 1168 3155; x_wconf 74' lang='grc' dir='ltr'>ἐδωδίμους</span> <span class='ocrx_word' id='word_1_145' title='bbox 1182 3069 1233 3131; x_wconf 91' lang='grc' dir='ltr'>καὶ</span> <span class='ocrx_word' id='word_1_146' title='bbox 1248 3071 1339 3156; x_wconf 83' lang='grc' dir='ltr'>ἱερεῖα</span> <span class='ocrx_word' id='word_1_147' title='bbox 1354 3070 1462 3156; x_wconf 83' lang='grc' dir='ltr'>ὁμοίως</span> 
     </span>
     <span class='ocr_line' id='line_1_18' title="bbox 341 3165 1462 3266; baseline 0.001 -24"><span class='ocrx_word' id='word_1_148' title='bbox 341 3179 477 3255; x_wconf 76' lang='grc' dir='ltr'>ἅπαντα,</span> <span class='ocrx_word' id='word_1_149' title='bbox 496 3181 541 3240; x_wconf 84' lang='grc' dir='ltr'>ἐτι</span> <span class='ocrx_word' id='word_1_150' title='bbox 564 3165 597 3239; x_wconf 85' lang='grc' dir='ltr'>δὲ</span> <span class='ocrx_word' id='word_1_151' title='bbox 619 3169 651 3251; x_wconf 78' lang='grc' dir='ltr'>ὗς</span> <span class='ocrx_word' id='word_1_152' title='bbox 666 3176 784 3264; x_wconf 82' lang='grc' dir='ltr'>ἀγρίους</span> <span class='ocrx_word' id='word_1_153' title='bbox 799 3177 850 3239; x_wconf 86' lang='grc' dir='ltr'>καὶ</span> <span class='ocrx_word' id='word_1_154' title='bbox 865 3175 993 3264; x_wconf 78' lang='grc' dir='ltr'>ἐλάφους</span> <span class='ocrx_word' id='word_1_155' title='bbox 1011 3199 1048 3239; x_wconf 92' lang='grc' dir='ltr'>τε</span> <span class='ocrx_word' id='word_1_156' title='bbox 1063 3178 1114 3240; x_wconf 87' lang='grc' dir='ltr'>καὶ</span> <span class='ocrx_word' id='word_1_157' title='bbox 1129 3167 1292 3266; x_wconf 74' lang='grc' dir='ltr'>δορκάδας,</span> <span class='ocrx_word' id='word_1_158' title='bbox 1313 3183 1341 3240; x_wconf 91' lang='grc' dir='ltr'>οἱ</span> <span class='ocrx_word' id='word_1_159' title='bbox 1363 3169 1396 3242; x_wconf 88' lang='grc' dir='ltr'>δὲ</span> <span class='ocrx_word' id='word_1_160' title='bbox 1411 3183 1462 3243; x_wconf 93' lang='grc' dir='ltr'>καὶ</span> 
     </span>
     <span class='ocr_line' id='line_1_19' title="bbox 340 3275 1461 3375; baseline 0.002 -24"><span class='ocrx_word' id='word_1_161' title='bbox 340 3284 440 3351; x_wconf 76' lang='grc' dir='ltr'>λύκων</span> <span class='ocrx_word' id='word_1_162' title='bbox 454 3288 505 3350; x_wconf 88' lang='grc' dir='ltr'>καὶ</span> <span class='ocrx_word' id='word_1_163' title='bbox 520 3284 637 3375; x_wconf 82' lang='grc' dir='ltr'>ἄρκτων</span> <span class='ocrx_word' id='word_1_164' title='bbox 652 3284 811 3373; x_wconf 78' lang='grc' dir='ltr'>σκύμνους,</span> <span class='ocrx_word' id='word_1_165' title='bbox 826 3290 853 3349; x_wconf 91' lang='grc' dir='ltr'>οἱ</span> <span class='ocrx_word' id='word_1_166' title='bbox 869 3275 902 3349; x_wconf 88' lang='grc' dir='ltr'>δὲ</span> <span class='ocrx_word' id='word_1_167' title='bbox 917 3286 968 3349; x_wconf 90' lang='grc' dir='ltr'>καὶ</span> <span class='ocrx_word' id='word_1_168' title='bbox 981 3285 1022 3348; x_wconf 79' lang='grc' dir='ltr'>τά</span> <span class='ocrx_word' id='word_1_169' title='bbox 1036 3285 1139 3350; x_wconf 85' lang='grc' dir='ltr'>τέλεια</span> <span class='ocrx_word' id='word_1_170' title='bbox 1153 3297 1216 3350; x_wconf 87' lang='grc' dir='ltr'>τῶν</span> <span class='ocrx_word' id='word_1_171' title='bbox 1230 3286 1349 3375; x_wconf 90' lang='grc' dir='ltr'>θηρίων·</span> <span class='ocrx_word' id='word_1_172' title='bbox 1365 3312 1461 3354; x_wconf 90' lang='grc' dir='ltr'>κατα-</span> 
     </span>
     <span class='ocr_line' id='line_1_20' title="bbox 339 3385 1461 3486; baseline 0.002 -24"><span class='ocrx_word' id='word_1_173' title='bbox 339 3396 455 3463; x_wconf 81' lang='grc' dir='ltr'>τιθέασι</span> <span class='ocrx_word' id='word_1_174' title='bbox 477 3386 510 3461; x_wconf 87' lang='grc' dir='ltr'>δὲ</span> <span class='ocrx_word' id='word_1_175' title='bbox 529 3398 577 3462; x_wconf 84' lang='grc' dir='ltr'>ἐπὶ</span> <span class='ocrx_word' id='word_1_176' title='bbox 594 3397 648 3461; x_wconf 88' lang='grc' dir='ltr'>τόν</span> <span class='ocrx_word' id='word_1_177' title='bbox 670 3397 772 3485; x_wconf 84' lang='grc' dir='ltr'>βωμόν</span> <span class='ocrx_word' id='word_1_178' title='bbox 791 3398 843 3459; x_wconf 90' lang='grc' dir='ltr'>καὶ</span> <span class='ocrx_word' id='word_1_179' title='bbox 864 3385 992 3484; x_wconf 85' lang='grc' dir='ltr'>δένδρων</span> <span class='ocrx_word' id='word_1_180' title='bbox 1012 3397 1126 3485; x_wconf 85' lang='grc' dir='ltr'>καρπόν</span> <span class='ocrx_word' id='word_1_181' title='bbox 1140 3406 1201 3459; x_wconf 86' lang='grc' dir='ltr'>τῶν</span> <span class='ocrx_word' id='word_1_182' title='bbox 1223 3396 1347 3486; x_wconf 72' lang='grc' dir='ltr'>ἡμέρων.</span> <span class='ocrx_word' id='word_1_183' title='bbox 1369 3400 1406 3464; x_wconf 85' lang='grc' dir='ltr'>τό</span> <span class='ocrx_word' id='word_1_184' title='bbox 1428 3389 1461 3464; x_wconf 85' lang='grc' dir='ltr'>δὲ</span> 
     </span>
     <span class='ocr_line' id='line_1_21' title="bbox 340 3498 1460 3596; baseline 0.001 -23"><span class='ocrx_word' id='word_1_185' title='bbox 340 3509 400 3573; x_wconf 83' lang='grc' dir='ltr'>ἀπό</span> <span class='ocrx_word' id='word_1_186' title='bbox 415 3507 526 3572; x_wconf 86' lang='grc' dir='ltr'>τούτου</span> <span class='ocrx_word' id='word_1_187' title='bbox 541 3516 599 3596; x_wconf 85' lang='grc' dir='ltr'>πῦρ</span> <span class='ocrx_word' id='word_1_188' title='bbox 615 3512 723 3571; x_wconf 74' lang='grc' dir='ltr'>ἐνιᾶσιν</span> <span class='ocrx_word' id='word_1_189' title='bbox 735 3512 763 3582; x_wconf 96' lang='grc' dir='ltr'>ἐς</span> <span class='ocrx_word' id='word_1_190' title='bbox 773 3506 815 3570; x_wconf 83' lang='grc' dir='ltr'>τὰ</span> <span class='ocrx_word' id='word_1_191' title='bbox 827 3498 910 3581; x_wconf 71' lang='grc' dir='ltr'>ξύλα</span> <span class='ocrx_word' id='word_1_192' title='bbox 926 3504 1057 3570; x_wconf 82' lang='grc' dir='ltr'>ἐνταῦθά</span> <span class='ocrx_word' id='word_1_193' title='bbox 1068 3529 1126 3570; x_wconf 93' lang='grc' dir='ltr'>που</span> <span class='ocrx_word' id='word_1_194' title='bbox 1138 3508 1189 3570; x_wconf 91' lang='grc' dir='ltr'>καὶ</span> <span class='ocrx_word' id='word_1_195' title='bbox 1200 3505 1310 3595; x_wconf 85' lang='grc' dir='ltr'>ἄρκτον</span> <span class='ocrx_word' id='word_1_196' title='bbox 1322 3511 1373 3571; x_wconf 91' lang='grc' dir='ltr'>καὶ</span> <span class='ocrx_word' id='word_1_197' title='bbox 1384 3508 1460 3574; x_wconf 87' lang='grc' dir='ltr'>ἄλλο</span> 
     </span>
     <span class='ocr_line' id='line_1_22' title="bbox 338 3609 1461 3709; baseline 0.001 -26"><span class='ocrx_word' id='word_1_198' title='bbox 338 3644 369 3683; x_wconf 91' lang='grc' dir='ltr'>τι</span> <span class='ocrx_word' id='word_1_199' title='bbox 389 3617 561 3707; x_wconf 76' lang='grc' dir='ltr'>ἐθεασάμην</span> <span class='ocrx_word' id='word_1_200' title='bbox 574 3628 637 3682; x_wconf 87' lang='grc' dir='ltr'>τῶν</span> <span class='ocrx_word' id='word_1_201' title='bbox 652 3609 751 3700; x_wconf 80' lang='grc' dir='ltr'>ζῴων,</span> <span class='ocrx_word' id='word_1_202' title='bbox 770 3618 811 3681; x_wconf 81' lang='grc' dir='ltr'>τὰ</span> <span class='ocrx_word' id='word_1_203' title='bbox 831 3616 884 3706; x_wconf 70' lang='grc' dir='ltr'>μὲν</span> <span class='ocrx_word' id='word_1_204' title='bbox 905 3617 962 3681; x_wconf 85' lang='grc' dir='ltr'>ύπό</span> <span class='ocrx_word' id='word_1_205' title='bbox 977 3618 1033 3688; x_wconf 73' lang='grc' dir='ltr'>τὴν</span> <span class='ocrx_word' id='word_1_206' title='bbox 1047 3617 1168 3706; x_wconf 84' lang='grc' dir='ltr'>πρώτην</span> <span class='ocrx_word' id='word_1_207' title='bbox 1188 3618 1280 3706; x_wconf 73' lang='grc' dir='ltr'>ὁρμὴν</span> <span class='ocrx_word' id='word_1_208' title='bbox 1299 3628 1355 3681; x_wconf 79' lang='grc' dir='ltr'>τοῦ</span> <span class='ocrx_word' id='word_1_209' title='bbox 1370 3621 1461 3709; x_wconf 87' lang='grc' dir='ltr'>πυρός</span> 
     </span>
     <span class='ocr_line' id='line_1_23' title="bbox 339 3718 1461 3818; baseline 0.002 -25"><span class='ocrx_word' id='word_1_210' title='bbox 339 3721 506 3816; x_wconf 80' lang='grc' dir='ltr'>βιαζόμενα</span> <span class='ocrx_word' id='word_1_211' title='bbox 520 3733 549 3805; x_wconf 88' lang='grc' dir='ltr'>ἐς</span> <span class='ocrx_word' id='word_1_212' title='bbox 563 3729 599 3792; x_wconf 86' lang='grc' dir='ltr'>τό</span> <span class='ocrx_word' id='word_1_213' title='bbox 615 3728 715 3806; x_wconf 87' lang='grc' dir='ltr'>ἐκτός,</span> <span class='ocrx_word' id='word_1_214' title='bbox 736 3728 777 3791; x_wconf 81' lang='grc' dir='ltr'>τα</span> <span class='ocrx_word' id='word_1_215' title='bbox 793 3718 828 3791; x_wconf 88' lang='grc' dir='ltr'>δὲ</span> <span class='ocrx_word' id='word_1_216' title='bbox 843 3730 894 3792; x_wconf 90' lang='grc' dir='ltr'>καὶ</span> <span class='ocrx_word' id='word_1_217' title='bbox 909 3727 1095 3818; x_wconf 89' lang='grc' dir='ltr'>ἐκφεύγοντα</span> <span class='ocrx_word' id='word_1_218' title='bbox 1110 3728 1167 3793; x_wconf 86' lang='grc' dir='ltr'>ύπό</span> <span class='ocrx_word' id='word_1_219' title='bbox 1184 3727 1293 3817; x_wconf 85' lang='grc' dir='ltr'>ἰσχύος·</span> <span class='ocrx_word' id='word_1_220' title='bbox 1313 3739 1414 3795; x_wconf 74' lang='grc' dir='ltr'>ταῦτα</span> <span class='ocrx_word' id='word_1_221' title='bbox 1434 3735 1461 3795; x_wconf 89' lang='grc' dir='ltr'>οἱ</span> 
     </span>
     <span class='ocr_line' id='line_1_24' title="bbox 338 3829 1461 3929; baseline 0.002 -26"><span class='ocrx_word' id='word_1_222' title='bbox 338 3839 523 3929; x_wconf 72' lang='grc' dir='ltr'>ἐμβαλόντες</span> <span class='ocrx_word' id='word_1_223' title='bbox 542 3837 741 3928; x_wconf 72' lang='grc' dir='ltr'>ἐπανάγουσιν</span> <span class='ocrx_word' id='word_1_224' title='bbox 761 3830 845 3913; x_wconf 78' lang='grc' dir='ltr'>αὖθις</span> <span class='ocrx_word' id='word_1_225' title='bbox 867 3842 896 3914; x_wconf 90' lang='grc' dir='ltr'>ἐς</span> <span class='ocrx_word' id='word_1_226' title='bbox 917 3839 973 3909; x_wconf 76' lang='grc' dir='ltr'>την</span> <span class='ocrx_word' id='word_1_227' title='bbox 992 3837 1095 3927; x_wconf 86' lang='grc' dir='ltr'>πυράν.</span> <span class='ocrx_word' id='word_1_228' title='bbox 1121 3837 1272 3928; x_wconf 80' lang='grc' dir='ltr'>τρωθῆναι</span> <span class='ocrx_word' id='word_1_229' title='bbox 1295 3829 1328 3903; x_wconf 87' lang='grc' dir='ltr'>δὲ</span> <span class='ocrx_word' id='word_1_230' title='bbox 1353 3831 1461 3905; x_wconf 78' lang='grc' dir='ltr'>οὐδένα</span> 
     </span>
     <span class='ocr_line' id='line_1_25' title="bbox 339 3947 1461 4041; baseline 0.003 -28"><span class='ocrx_word' id='word_1_231' title='bbox 339 3949 396 4013; x_wconf 85' lang='grc' dir='ltr'>ύπὸ</span> <span class='ocrx_word' id='word_1_232' title='bbox 412 3959 475 4013; x_wconf 83' lang='grc' dir='ltr'>τῶν</span> <span class='ocrx_word' id='word_1_233' title='bbox 490 3947 597 4037; x_wconf 92' lang='grc' dir='ltr'>θηρίων</span> <span class='ocrx_word' id='word_1_234' title='bbox 613 3947 852 4038; x_wconf 89' lang='grc' dir='ltr'>μνημονεύουσιν.</span> <span class='ocrx_word' id='word_1_235' title='bbox 875 3956 965 4014; x_wconf 87' lang='lat' dir='ltr'>Paus.</span> <span class='ocrx_word' id='word_1_236' title='bbox 979 3958 1008 4015; x_wconf 86' lang='lat'>4.</span> <span class='ocrx_word' id='word_1_237' title='bbox 1023 3958 1072 4015; x_wconf 88' lang='grc'>31.</span> <span class='ocrx_word' id='word_1_238' title='bbox 1088 3958 1121 4014; x_wconf 88' lang='lat'>7:</span> <span class='ocrx_word' id='word_1_239' title='bbox 1144 3957 1310 4016; x_wconf 87' lang='lat' dir='ltr'>Messene</span> <span class='ocrx_word' id='word_1_240' title='bbox 1324 3950 1461 4041; x_wconf 75' lang='grc' dir='ltr'>Κουρή-</span> 
     </span>
     <span class='ocr_line' id='line_1_26' title="bbox 337 4052 1460 4153; baseline 0.002 -30"><span class='ocrx_word' id='word_1_241' title='bbox 337 4084 410 4123; x_wconf 89' lang='grc' dir='ltr'>των</span> <span class='ocrx_word' id='word_1_242' title='bbox 426 4059 570 4149; x_wconf 81' lang='grc' dir='ltr'>μέγαρον,</span> <span class='ocrx_word' id='word_1_243' title='bbox 591 4058 661 4123; x_wconf 83' lang='grc' dir='ltr'>ἔνθα</span> <span class='ocrx_word' id='word_1_244' title='bbox 677 4052 741 4141; x_wconf 78' lang='grc' dir='ltr'>ζῷα</span> <span class='ocrx_word' id='word_1_245' title='bbox 755 4059 795 4123; x_wconf 83' lang='grc' dir='ltr'>τά</span> <span class='ocrx_word' id='word_1_246' title='bbox 810 4058 911 4123; x_wconf 87' lang='grc' dir='ltr'>πάντα</span> <span class='ocrx_word' id='word_1_247' title='bbox 927 4061 1035 4149; x_wconf 87' lang='grc' dir='ltr'>ὁμοίως</span> <span class='ocrx_word' id='word_1_248' title='bbox 1054 4052 1279 4153; x_wconf 77' lang='grc' dir='ltr'>καθαγίζουσιν·</span> <span class='ocrx_word' id='word_1_249' title='bbox 1301 4052 1460 4151; x_wconf 72' lang='grc' dir='ltr'>ἀρξάμενοι</span> 
     </span>
     <span class='ocr_line' id='line_1_27' title="bbox 337 4170 1460 4261; baseline 0.001 -28"><span class='ocrx_word' id='word_1_250' title='bbox 337 4170 396 4261; x_wconf 82' lang='grc' dir='ltr'>γάρ</span> <span class='ocrx_word' id='word_1_251' title='bbox 412 4170 472 4233; x_wconf 83' lang='grc' dir='ltr'>ἀπό</span> <span class='ocrx_word' id='word_1_252' title='bbox 489 4172 616 4253; x_wconf 79' lang='grc' dir='ltr'>βοῶντι</span> <span class='ocrx_word' id='word_1_253' title='bbox 631 4171 682 4234; x_wconf 87' lang='grc' dir='ltr'>καὶ</span> <span class='ocrx_word' id='word_1_254' title='bbox 697 4175 790 4260; x_wconf 85' lang='grc' dir='ltr'>αἰγῶν</span> <span class='ocrx_word' id='word_1_255' title='bbox 801 4172 1032 4253; x_wconf 84' lang='grc' dir='ltr'>καταβαίνουσιν</span> <span class='ocrx_word' id='word_1_256' title='bbox 1043 4175 1073 4246; x_wconf 87' lang='grc' dir='ltr'>ἐς</span> <span class='ocrx_word' id='word_1_257' title='bbox 1082 4173 1152 4248; x_wconf 87' lang='grc' dir='ltr'>τοὺς</span> <span class='ocrx_word' id='word_1_258' title='bbox 1167 4170 1311 4261; x_wconf 91' lang='grc' dir='ltr'>όρνιθας</span> <span class='ocrx_word' id='word_1_259' title='bbox 1326 4170 1460 4259; x_wconf 76' lang='grc' dir='ltr'>ἀφιέντες</span> 
     </span>
     <span class='ocr_line' id='line_1_28' title="bbox 337 4271 1459 4370; baseline 0.001 -25"><span class='ocrx_word' id='word_1_260' title='bbox 337 4285 367 4357; x_wconf 92' lang='grc' dir='ltr'>ἐς</span> <span class='ocrx_word' id='word_1_261' title='bbox 381 4281 438 4352; x_wconf 74' lang='grc' dir='ltr'>την</span> <span class='ocrx_word' id='word_1_262' title='bbox 454 4280 562 4370; x_wconf 89' lang='grc' dir='ltr'>φλόγα.</span> <span class='ocrx_word' id='word_1_263' title='bbox 590 4287 737 4345; x_wconf 79' lang='lat' dir='ltr'>Lucienus</span> <span class='ocrx_word' id='word_1_264' title='bbox 752 4287 788 4344; x_wconf 90' lang='lat' dir='ltr'>de</span> <span class='ocrx_word' id='word_1_265' title='bbox 803 4288 857 4345; x_wconf 88' lang='lat' dir='ltr'>dea</span> <span class='ocrx_word' id='word_1_266' title='bbox 873 4286 960 4363; x_wconf 86' lang='lat' dir='ltr'>Syria</span> <span class='ocrx_word' id='word_1_267' title='bbox 975 4290 1030 4347; x_wconf 79' lang='lat'>49:</span> <span class='ocrx_word' id='word_1_268' title='bbox 1052 4282 1177 4370; x_wconf 86' lang='grc' dir='ltr'>ἑορτέων</span> <span class='ocrx_word' id='word_1_269' title='bbox 1194 4271 1227 4345; x_wconf 87' lang='grc' dir='ltr'>δέ</span> <span class='ocrx_word' id='word_1_270' title='bbox 1241 4280 1374 4357; x_wconf 88' lang='grc' dir='ltr'>πασέων,</span> <span class='ocrx_word' id='word_1_271' title='bbox 1396 4292 1459 4346; x_wconf 84' lang='grc' dir='ltr'>τῶν</span> 
     </span>
     <span class='ocr_line' id='line_1_29' title="bbox 338 4380 1458 4481; baseline 0.003 -28"><span class='ocrx_word' id='word_1_272' title='bbox 338 4380 423 4469; x_wconf 85' lang='grc' dir='ltr'>οἶδα,</span> <span class='ocrx_word' id='word_1_273' title='bbox 449 4392 592 4481; x_wconf 77' lang='grc' dir='ltr'>μεγίστην</span> <span class='ocrx_word' id='word_1_274' title='bbox 612 4397 826 4473; x_wconf 83' lang='lat' dir='ltr'>Hierapolitaui</span> <span class='ocrx_word' id='word_1_275' title='bbox 847 4398 934 4456; x_wconf 88' lang='lat' dir='ltr'>deae</span> <span class='ocrx_word' id='word_1_276' title='bbox 955 4397 1083 4475; x_wconf 88' lang='lat' dir='ltr'>Syriae</span> <span class='ocrx_word' id='word_1_277' title='bbox 1102 4401 1157 4455; x_wconf 81' lang='grc' dir='ltr'>τοῦ</span> <span class='ocrx_word' id='word_1_278' title='bbox 1178 4395 1274 4479; x_wconf 84' lang='grc' dir='ltr'>εἴαρος</span> <span class='ocrx_word' id='word_1_279' title='bbox 1294 4392 1458 4481; x_wconf 80' lang='grc' dir='ltr'>ἀρχομένου</span> 
     </span>
    </p>
   </div>
   <div class='ocr_carea' id='block_1_4' title="bbox 338 4490 1458 4597">
    <p class='ocr_par' dir='ltr' id='par_1_4' title="bbox 338 4490 1458 4597">
     <span class='ocr_line' id='line_1_30' title="bbox 338 4490 1458 4597; baseline 0.002 -31"><span class='ocrx_word' id='word_1_280' title='bbox 338 4500 535 4570; x_wconf 82' lang='grc' dir='ltr'>ἐπιτελέουσι·</span> <span class='ocrx_word' id='word_1_281' title='bbox 555 4502 606 4568; x_wconf 85' lang='grc' dir='ltr'>καί</span> <span class='ocrx_word' id='word_1_282' title='bbox 621 4526 670 4590; x_wconf 92' lang='grc' dir='ltr'>μιν</span> <span class='ocrx_word' id='word_1_283' title='bbox 685 4505 713 4563; x_wconf 89' lang='grc' dir='ltr'>οἱ</span> <span class='ocrx_word' id='word_1_284' title='bbox 728 4499 782 4591; x_wconf 83' lang='grc' dir='ltr'>μὲν</span> <span class='ocrx_word' id='word_1_285' title='bbox 796 4502 906 4597; x_wconf 77' lang='grc' dir='ltr'>πυράν,</span> <span class='ocrx_word' id='word_1_286' title='bbox 927 4506 954 4565; x_wconf 91' lang='grc' dir='ltr'>οἱ</span> <span class='ocrx_word' id='word_1_287' title='bbox 974 4493 1008 4566; x_wconf 85' lang='grc' dir='ltr'>δὲ</span> <span class='ocrx_word' id='word_1_288' title='bbox 1015 4490 1171 4593; x_wconf 36' lang='grc' dir='ltr'>’λαμπάδα</span> <span class='ocrx_word' id='word_1_289' title='bbox 1186 4499 1334 4574; x_wconf 74' lang='grc' dir='ltr'>καλέουσι,</span> <span class='ocrx_word' id='word_1_290' title='bbox 1358 4500 1458 4583; x_wconf 86' lang='grc' dir='ltr'>θυσίην</span> 
     </span>
    </p>
   </div>
   <div class='ocr_carea' id='block_1_5' title="bbox 0 0 1800 5400">
    <p class='ocr_par' dir='ltr' id='par_1_5' title="bbox 0 0 1800 5400">
     <span class='ocr_line' id='line_1_31' title="bbox 0 0 1800 5400; baseline 0 4"><span class='ocrx_word' id='word_1_291' title='bbox 0 0 1800 5400; x_wconf 95' lang='lat' dir='ltr'> </span> 
     </span>
    </p>
   </div>
  </div>
 </body>
</html>
