3592 5400
382 488 422 553 26
597 509 691 552 CAPUT
706 511 738 550 11.
761 510 803 550 DE
817 509 973 551 LIBRORUH
987 509 1098 551 PORI'II.
1115 510 1268 552 TEMPORE.

381 680 496 741 quoquo
515 682 568 722 nos
591 663 743 734 vertimus,
769 663 822 721 illa
840 665 919 722 vitae
939 665 1028 722 verba
1051 683 1109 721 nou
1133 665 1249 742 integre
1274 684 1340 724 esse
1365 676 1499 742 apparet.

382 775 466 849 Quae
481 773 611 857 suppleri
626 781 749 850 possunt
764 793 800 832 ex
811 773 901 834 Suida
916 776 970 834 sub
982 774 1125 833 Hesiodo:
1140 768 1236 856 Hopq.
1252 772 1303 832 καὶ
1314 767 1402 833 ἄλλοι
1414 775 1501 834 πλεῖ·

382 903 448 956 στοι
462 878 604 968 νεώτερον
619 885 780 944 Hesiodum
793 885 921 943 Homero
937 880 1046 942 ἑκατὸν
1061 884 1206 954 ἐνιαυτοῖς
1221 871 1379 968 ὁρίζουσιν,
1397 886 1438 955 ὡς
1452 875 1501 964 λβ’

382 990 488 1080 μόνους
507 991 658 1065 ἐνιαυτοὺς
678 1001 891 1079 συμπροτερεῖν
918 989 985 1074 (scr.
1007 990 1099 1054 αὐτὸν
1119 990 1283 1078 προτερεῖν)
1303 1001 1359 1065 τῖς
1379 991 1501 1078 πρώτης

382 1104 426 1165 ὀλ.
449 1109 551 1183 ltaque
561 1107 592 1164 in
604 1107 654 1165 vit.
666 1106 752 1165 Hom.
766 1126 820 1165 sor.
834 1101 913 1189 μετὰ
923 1107 977 1172 ἔτη
992 1100 1043 1164 noi
1057 1105 1092 1164 ἐκ
1106 1110 1167 1164 τῶν
1182 1100 1233 1189 Τρ.
1249 1124 1327 1190 qap,
1348 1087 1502 1180 [Ἡσίοδον

383 1203 427 1293 δὲ]
444 1216 478 1275 oo
493 1236 523 1274 π.
551 1218 629 1276 uam
646 1218 1023 1306 sn÷1oo÷777=oom
1042 1219 1368 1277 iras-oos=ars.=

445 1329 501 1387 His
517 1329 650 1387 omnibus
665 1329 818 1404 perpensis
834 1336 940 1398 restat,
956 1337 989 1385 ut
1003 1328 1163 1386 studiorum
1178 1328 1370 1404 aPorphyrio
1386 1328 1416 1385 in
1432 1336 1501 1404 pod-

382 1447 442 1497 tam
462 1439 632 1497 collatorum
655 1439 754 1515 paucis
774 1457 960 1516 progressum
980 1439 1206 1514 complectamur
1227 1445 1314 1514 atque
1335 1439 1500 1497 decursum.

383 1553 467 1625 Quae
482 1549 565 1609 libris
581 1550 673 1608 sacris
685 1549 761 1625 apud
774 1545 971 1619 Christianos,
988 1550 1088 1606 eadem
1100 1550 1220 1607 Homeri
1234 1550 1411 1608 carminibus
1423 1551 1502 1625 apud

384 1659 512 1720 Graecos
532 1660 693 1735 antiquitus
713 1659 768 1716 fuit
782 1660 941 1718 auctoritas
956 1659 1089 1734 idemque
1104 1678 1183 1718 usus.
1215 1660 1310 1733 Quem
1323 1678 1414 1735 quum
1428 1661 1502 1718 Por-

383 1770 503 1847 phyrius
520 1770 613 1828 omnis
629 1770 790 1847 sapientiae
810 1770 1078 1827 sontemcommuni
1094 1770 1230 1845 opinione
1252 1770 1364 1828 censeri
1378 1770 1501 1840 videret,

383 1881 506 1956 primurn
533 1881 692 1938 elaboravit
717 1888 749 1937 ut
774 1881 891 1957 penitus
917 1880 1100 1956 intellegeret
1125 1879 1287 1954 ceterisque
1312 1881 1502 1956 explanaret3

383 1990 488 2048 deinde
507 1991 588 2068 quia,
613 2010 669 2068 quo
689 1993 755 2067 plus
770 1991 806 2050 ,in
826 1991 1013 2068 philosophia
1032 1990 1217 2066 proficiebat,
1239 2009 1273 2049 eo
1293 1991 1387 2067 magis
1406 1992 1503 2066 perci-

384 2102 497 2178 piebat,
514 2121 571 2159 non
589 2103 699 2171 omnia,
716 2120 790 2176 quae
805 2103 855 2158 ille
870 2121 958 2177 quum
974 2102 1009 2159 dc
1024 2101 1204 2172 hominibus,
1229 2110 1288 2158 tum
1304 2102 1340 2159 de
1355 2100 1412 2160 diis
1428 2103 1503 2159 ceci-

274 2287 277 2292 *
384 2212 491 2281 nisset,
508 2231 638 2270 summae
653 2212 771 2270 veritati
785 2213 960 2288 respondere
966 2254 975 2281 ,
991 2212 1027 2268 ad
1043 2231 1107 2269 cam
1122 2212 1299 2270 sententiam
1314 2211 1448 2282 transiit,
1472 2219 1503 2269 ut

385 2323 447 2380 eius
463 2321 606 2398 carmina,
620 2323 700 2380 velut
715 2337 813 2380 sacros
827 2322 918 2380 libros
931 2340 1033 2380 recens
1044 2324 1187 2398 quaedam
1199 2324 1397 2399 theologorum
1407 2330 1502 2393 secta,

385 2433 563 2491 existimaret
579 2453 635 2490 uon
652 2440 712 2491 tota
727 2451 792 2491 esse
807 2452 890 2503 vera,
911 2440 942 2490 at
957 2402 1105 2491 continere
1125 2433 1168 2503 id,
1191 2433 1267 2508 quod
1289 2453 1388 2490 rerum
1408 2440 1489 2491 esset
1495 2454 1503 2503 3

385 2543 514 2603 noluisse
528 2550 644 2620 potitam
666 2544 759 2620 ipsius
775 2562 891 2620 semper
910 2543 1071 2601 doctrinam
1091 2544 1235 2620 proferre,
1256 2544 1308 2601 sed
1328 2543 1504 2601 deteriorum

384 2675 498 2733 quoque
512 2655 661 2714 hominum
676 2655 826 2733 opiniones
842 2674 996 2732 moresque
1010 2655 1189 2731 depinxisse.
1215 2655 1304 2729 Atqui
1318 2674 1355 2711 ne
1370 2655 1426 2712 hac
1440 2655 1504 2731 qui-

385 2767 450 2824 dem
466 2767 578 2825 ratione
593 2766 705 2841 effecit,
720 2773 751 2823 ut
766 2786 784 2824 a
799 2767 936 2835 veritate,
961 2785 1048 2841 quam
1063 2766 1430 2843 Porphyriuscognovisse
1446 2766 1504 2824 sibi

385 2877 550 2945 videbatur,
567 2882 653 2952 poeta
668 2894 813 2951 nunquam
829 2877 984 2935 recederet,
1007 2879 1110 2952 ltaque
1124 2876 1204 2933 aliud
1219 2877 1256 2934 ab
1272 2896 1305 2934 eo
1321 2877 1418 2934 verbis
1435 2877 1503 2947 dici,

385 2987 463 3046 aliud
479 2987 652 3063 cogitatione
668 2986 851 3063 subintellegi
868 2986 985 3055 statuit,
1007 2993 1107 3062 atque,
1129 2987 1205 3044 haud
1221 2987 1374 3045 dissimilis
1389 2994 1505 3046 nostro-

385 3117 448 3157 rum
468 3104 629 3173 temporum
652 3096 809 3173 theologis,
839 3096 887 3171 qui
911 3083 1061 3155 aratione
1081 3117 1187 3155 nomen
1208 3098 1421 3172 ceperunt,-de
1441 3099 1505 3156 eius

385 3207 531 3283 sapientia
550 3208 666 3282 quidem
686 3226 744 3264 non
765 3207 921 3276 dubitavit,
949 3206 1172 3283 explicationem
1192 3214 1290 3265 tamen
1312 3208 1505 3278 extrinsecus,

381 3338 443 3376 -non
465 3319 591 3395 amplius
611 3338 647 3376 ex
665 3318 730 3395 ipso
754 3323 841 3394 poeta
867 3318 994 3393 repetiit.
1032 3318 1185 3375 Postremo
1211 3326 1364 3393 postquam
1385 3319 1504 3376 Plotino

385 3437 478 3488 totum
489 3449 523 3488 se
540 3430 620 3488 dedit
633 3428 808 3505 omninoque
827 3448 859 3487 se
870 3429 907 3486 ad
925 3435 1052 3485 mentem
1067 3428 1342 3502 meditationemque
1354 3429 1455 3499 vertit,
1476 3438 1505 3487 et

385 3540 544 3599 Homerum
565 3548 594 3598 et
615 3541 736 3599 traditas
752 3541 836 3617 vulgo
856 3535 1009 3615 opiniones
1029 3557 1148 3614 prorsus
1170 3539 1286 3596 abiecit.
1309 3540 1355 3596 Ita
1368 3540 1401 3595 in
1416 3540 1505 3597 inter-

314 3710 317 3716 ,
364 3652 548 3728 pretatione
568 3651 696 3721 Timaei,
725 3669 810 3727 quam
832 3657 944 3707 mortuo
965 3650 1024 3706 iam
1043 3650 1161 3708 Plotino
1182 3648 1320 3723 scriptam
1343 3668 1409 3707 esse
1429 3650 1506 3707 infra

386 3762 605 3831 demonstrabo,
627 3753 793 3842 Πορφύριός
813 3776 909 3839 φησιν,
931 3754 977 3816 ὅτι
998 3750 1123 3840 μέγεθος
1144 3751 1196 3840 μὲν
1215 3750 1324 3815 πάθεσι
1342 3751 1506 3841 περιθεῖναι

388 3848 525 3949 καὶκῦψος
535 3861 675 3952 Ὅμηρος
689 3864 787 3938 ἱκανὸς
803 3865 853 3925 καὶ
868 3869 907 3939 εἰς
919 3863 1010 3952 ὅρκον
1021 3867 1134 3952 ἐγεῖραι
1146 3863 1348 3949 φανταστικὸν
1359 3863 1415 3938 τάς
1430 3863 1505 3951 πρά-

388 3966 460 4053 ξεις,
481 3970 628 4037 ἀπάθειαν
650 3964 683 4036 δὲ
706 3973 808 4062 νοεροὶν
828 3974 879 4036 καὶ
900 3966 979 4048 ζωὴν
1000 3972 1162 4060 φιλόσοφον
1184 3977 1360 4061 ἐνεργοῦσαν
1376 3977 1434 4061 οὐχ
1447 3968 1506 4047 οἷός

387 4107 422 4148 τε
436 4074 621 4172 παραδοῦναι
638 4082 789 4166 (Proculus
804 4089 834 4145 in
851 4090 928 4147 Tim.
944 4109 973 4164 p.
988 4090 1027 4147 20
1039 4083 1079 4166 dl.

444 4201 574 4259 Eaedem
585 4200 662 4257 vices
675 4206 704 4256 et
716 4218 886 4276 progressus
899 4199 930 4256 in
942 4200 1063 4274 reliquis
1069 4198 1227 4275 Porphyrii
1238 4199 1323 4257 libris
1336 4198 1504 4258 offeruntur.

388 4312 559 4370 Transitum
579 4330 597 4367 a
616 4310 805 4387 grammatico
826 4328 932 4385 genere
950 4309 987 4388 ad
1002 4310 1234 4386 philosophicum
1250 4310 1336 4368 nobis
1351 4328 1388 4367 ex
1402 4328 1503 4367 comm.

388 4421 552 4480 Homericis
568 4422 643 4480 liber
657 4421 693 4478 dc
709 4418 814 4496 Styge,
832 4438 867 4476 ex
881 4420 1002 4495 reliquis
1017 4421 1144 4495 epistula
1157 4420 1195 4477 ad
1209 4421 1394 4488 Anebonem,
1411 4438 1506 4477 sacor-

389 4533 485 4590 dotem
499 4532 685 4613 Aegyptium,
702 4532 891 4589 domonstrat.
915 4530 1011 4588 Huius
1026 4531 1169 4606 epistulae
1184 4536 1282 4606 partes
1298 4530 1375 4587 haud
1387 4530 1505 4607 exiguas
