3592 5400
391 495 432 559 64
624 515 720 559 carus
734 515 775 558 rv.
797 515 839 556 us
855 513 1060 556 omentorum
1074 512 1274 556 conromuus.

454 671 625 731 Geminus
646 671 754 746 Tyrius
777 669 906 739 somnia,
928 667 1104 745 praesertim
1126 665 1282 742 Sarapiea,
1308 666 1403 726 tribus
1425 667 1511 727 libris

390 782 506 860 collegit
524 774 674 858 (Artemid.
690 773 795 858 1144).
1414 777 1416 779 ’

452 892 688 952 Nicostratus
703 891 851 968 Ephesius
866 891 1002 948 laudatur
1016 893 1053 949 ab
1068 891 1179 948 Artem.
1195 892 1209 948 Ι
1225 891 1243 948 2
1260 897 1332 948 extr.

451 1004 617 1063 Phoebus
632 1003 841 1061 Antiochenus.
856 1003 966 1060 Artem.
982 1002 997 1059 Ι
1014 1003 1046 1072 2,
1061 1003 1091 1060 II
1106 1003 1135 1071 9,
1150 1001 1194 1058 lv
1207 1002 1246 1059 48
1263 1008 1293 1058 et
1308 1003 1358 1060 66.

452 1115 515 1174 Hos
536 1117 590 1173 sub
609 1113 766 1172 Antoninis
787 1113 850 1190 ipse
865 1113 1115 1171 Artemidorus
1136 1119 1252 1170 secutus
1268 1119 1328 1181 est,
1348 1113 1511 1187 Ephesius,

389 1226 439 1304 qui
453 1233 486 1283 ut
500 1225 531 1282 in
545 1225 680 1294 Daldim‚
692 1223 805 1300 Lydiae
820 1223 957 1299 oppidum
972 1223 1074 1282 matris
1089 1224 1201 1294 natale,
1217 1222 1362 1281 conferret
1375 1224 1510 1299 gloriam,

388 1337 472 1396 libris
493 1336 620 1412 quinque
641 1326 897 1417 Ὀνειροκριτικῶν
916 1335 1096 1394 Daldianum
1117 1353 1149 1392 se
1166 1333 1316 1410 inscripsit
1338 1326 1398 1410 (III
1413 1327 1510 1411 extr).

389 1448 495 1507 Editus
511 1454 556 1505 est
571 1466 589 1505 a
603 1446 709 1505 Reiffio
725 1464 790 1504 cum
805 1445 928 1522 Rigaltii
940 1446 1112 1520 Reiskiique
1127 1445 1320 1521 explicatione
1330 1445 1416 1521 Lips.
1429 1446 1510 1504 1805

387 1559 623 1618 namneus.

412 1663 415 1668 ⁵
451 1670 536 1728 Illius
555 1668 686 1750 aequalis
708 1668 836 1727 Aelius
855 1667 1042 1727 Aristides
1063 1675 1140 1738 erat,
1155 1659 1211 1744 {qui
1230 1667 1377 1744 permulta
1397 1668 1512 1726 somnia

389 1781 445 1840 sibi
466 1800 484 1838 a
503 1780 559 1838 diis
579 1779 670 1838 missa
689 1779 720 1836 in
740 1796 791 1838 sex
811 1779 991 1839 orationibus
1011 1781 1103 1838 sacris
1123 1785 1223 1836 narrat
1245 1772 1348 1856 (postr.
1365 1779 1411 1838 ed.
1429 1779 1510 1838 Guil.

388 1891 523 1952 Dindorf.
539 1891 623 1968 Lips.
643 1883 745 1968 1829).

453 2004 547 2063 Plane
562 2003 661 2079 ignota
675 2008 720 2059 est
736 1999 951 2078 Serapionis
965 2000 1154 2059 Ascalonitae
1168 2008 1260 2060 aetas.
1287 2003 1362 2059 Post
1375 2000 1511 2078 Porphy-

388 2114 463 2173 rium
478 2122 538 2172 tres
553 2113 686 2171 homines
701 2130 804 2189 graece
819 2112 855 2169 de
866 2112 1044 2170 somniorum
1057 2111 1298 2188 interpretatione
1313 2111 1510 2188 scripserunt:

389 2218 545 2293 Πάππσς
564 2206 785 2304 Ἀλεξανδρεύς,
806 2215 979 2304 φιλόσοφος,
999 2215 1131 2306 γεγονὼς
1148 2215 1230 2279 κατὰ
1243 2216 1297 2279 τὸν
1311 2215 1511 2306 πρεσβύτερον

390 2319 555 2392 Θεοδόσιον
576 2326 700 2410 βασιλέα
720 2376 727 2389 .
748 2375 755 2388 .
775 2323 1012 2414 Ὀνειρσκριτικά
1032 2325 1159 2409 (Suidae
1176 2335 1268 2391 verba
1285 2325 1382 2411 sunt),
1405 2341 1435 2392 et
1455 2334 1511 2393 duo

389 2452 493 2523 poetae
511 2444 668 2522 Byzantini
688 2441 849 2520 aRigaltio
870 2443 989 2501 editioni
1003 2441 1180 2503 Artemidori
1199 2443 1354 2502 Pmisinae
1370 2436 1409 2521 (a.
1429 2446 1509 2504 1603

389 2559 435 2618 ch.
452 2551 486 2636 4)
508 2556 621 2615 annexi.
655 2555 819 2632 Utrumque
837 2572 957 2612 carmen
983 2554 1122 2613 trimetris
1143 2555 1276 2613 iambicis
1298 2573 1335 2612 ex
1358 2555 1511 2613 literarum

390 2669 491 2728 ordine
506 2667 656 2746 dispositis
673 2673 786 2727 constat
792 2687 800 2738 3
815 2666 896 2743 prius
912 2667 1055 2725 Astram
1061 2684 1101 2743 ps
1107 2666 1189 2743 ychi
1204 2665 1321 2724 nomine
1336 2665 1510 2745 inscriptum

390 2788 445 2842 est.
470 2778 591 2839 Suidas:
612 2767 850 2860 Ἀστράρψυχος,
871 2768 903 2846 ὃς
922 2772 1034 2854 βιβλίον
1054 2772 1185 2859 ἰατρικὸν
1200 2776 1240 2845 εἰς
1259 2770 1334 2833 ὄνων
1352 2768 1511 2860 θεραπείαν

389 2885 534 2954 πεποίηκε
555 2884 605 2945 καὶ
625 2881 858 2971 ὀνειροκριτικόν.
887 2888 955 2947 Nisi
972 2888 1048 2946 forte
1066 2888 1165 2947 nescio
1185 2888 1250 2963 quis
1269 2888 1378 2947 veteris
1397 2882 1511 2966 Magia

389 3001 522 3078 Diogene
536 2999 656 3057 Laertio
671 3018 797 3075 prooem.
816 2999 833 3057 2
849 2998 927 3056 inter
941 2999 1042 3077 Magos
1057 3000 1231 3057 Zoroastrae
1247 3016 1434 3058 successores
1449 3000 1511 3058 lau·

390 3109 451 3169 dati
463 3128 570 3168 >nomen
585 3109 642 3167 sibi
661 3109 816 3187 arrogavit.
841 3107 967 3167 Carmen
982 3110 1142 3186 penultima
1156 3109 1280 3167 trimetri
1295 3110 1437 3184 cuiusque
1452 3111 1510 3186 syl-

389 3222 459 3281 laba
473 3226 594 3280 accentu
609 3227 709 3279 notata
724 3227 753 3278 et
772 3221 880 3280 evitata
899 3220 975 3280 arsis
995 3215 1160 3279 solutionel
1174 3228 1299 3279 aetatem
1314 3220 1510 3295 Byzantinam

458 3368 467 3402 ¹
484 3364 687 3437 'Astrampsychi
700 3370 794 3420 'versus
811 3366 931 3420 feruntur
949 3370 1054 3419 centuni
1072 3371 1098 3418 et
1115 3382 1195 3430 uuus;
1219 3364 1335 3418 centuria
1353 3369 1406 3430 est,
1432 3367 1455 3419 si
1476 3382 1510 3418 ex

389 3469 414 3509 v.
427 3451 460 3507 52
682 3452 745 3519 νῆξις
764 3450 888 3517 θαλάσσης
907 3451 991 3521 ἀγρίας
1010 3450 1083 3516 δηλοῖ
1100 3450 1180 3511 λύπας

389 3556 494 3592 versum
506 3539 539 3591 53
557 3539 619 3605 νῆξις
639 3535 763 3603 θαλάσσης
781 3536 872 3607 ἡμέρας
891 3532 950 3606 ὄναρ
969 3537 1055 3605 καλόν,
1075 3537 1202 3589 omissum
1218 3537 1291 3589 illum
1309 3536 1389 3588 etiam
1408 3537 1510 3590 aNice-

389 3623 483 3694 phem,
506 3624 622 3676 effictum
640 3640 697 3675 esse
716 3623 894 3675 censuerimus
912 3622 946 3674 ab
957 3620 1062 3674 homine
1077 3622 1228 3691 posteriore.
1264 3620 1370 3675 Scilicet
1382 3620 1510 3674 adiectiro

390 3708 474 3779 ἀγρίας
493 3709 525 3761 ad
543 3708 622 3767 λύπας
644 3709 738 3772 relato,
761 3723 842 3776 quum
865 3708 898 3759 ad
922 3705 976 3757 θαλ.
1000 3707 1153 3775 pertineret,
1175 3706 1418 3775 interpretationem
1440 3723 1510 3759 rom-

389 3795 476 3863 plevit.
512 3793 573 3845 Fuit
590 3794 633 3844 ille
650 3792 728 3845 horno
747 3793 875 3861 posterior
891 3790 1050 3861 Nicephoro,
1069 3791 1183 3843 anterior
1200 3790 1317 3855 librario,
1335 3791 1383 3859 qui
1397 3790 1512 3860 margini

390 3879 509 3931 codicum
521 3878 543 3929 A
555 3878 612 3930 etV
622 3876 717 3929 Suidae
730 3881 789 3928 ante
803 3877 915 3929 θαλέεσσι
926 3875 996 3929 huuc
1008 3877 1140 3928 senarium
1153 3892 1213 3928 cum
1224 3876 1307 3929 tribus
1322 3876 1381 3928 aliis
1392 3876 1510 3929 Astram-

389 3962 483 4033 psychi
494 3963 628 4031 ascripsit,
646 3963 684 4014 ita
695 3967 795 4027 tamen,
814 3968 843 4014 ut
860 3960 952 4031 ἡμέρου
969 3956 1058 4030 τοῦναρ
1070 3962 1214 4030 praeberet.
1249 3959 1324 4023 Quod
1340 3961 1379 4012 ibi
1395 3960 1510 4013 additur:

390 4040 463 4107 Λύσις
482 4042 582 4116 ὀνείρου.
601 4048 742 4116 Νικηφόρον
760 4044 931 4117 Πατριάρχου,
955 4047 1052 4099 falsum
1069 4052 1116 4099 est.
1151 4045 1219 4098 Nam
1243 4062 1334 4097 omnes
1356 4045 1397 4097 illi
1418 4062 1511 4099 versus

390 4130 466 4186 hodie
483 4132 553 4201 apud
570 4131 804 4202 Astrampsychum
821 4133 952 4201 leguntur,
971 4133 1021 4185 duo
1039 4136 1142 4185 tautum
1160 4130 1234 4199 apud.
1247 4129 1438 4199 Nicephorum
1455 4137 1511 4182 tum

390 4217 486 4270 εὔθετον
505 4217 600 4270 Suidae
618 4218 691 4270 codd.
710 4223 736 4269 et
752 4221 821 4271 Astr.
839 4233 863 4270 ν.
878 4216 912 4267 24
928 4218 1066 4285 praebent,
1090 4216 1136 4269 ubi
1152 4214 1314 4283 Nicephorus
1335 4208 1361 4265 εὖ
1380 4211 1442 4284 ἔχεαι
1466 4232 1510 4283 po·

390 4310 487 4356 stremo
505 4302 601 4355 Suidae
626 4303 756 4355 codicibus
780 4302 880 4369 aliquot
901 4302 996 4352 senarii
1013 4300 1211 4370 Astrampsychi
1233 4299 1404 4368 praebentur,
1422 4300 1510 4351 nullus

391 4389 436 4456 qui
458 4386 603 4457 Nicephoro
627 4389 661 4440 sit
682 4386 811 4456 proprius.
835 4415 869 4425 —-
890 4385 974 4439 Versu
990 4385 1023 4437 53
1046 4387 1127 4455 igitur
1154 4386 1235 4438 eiecto
1258 4390 1382 4453 quattuor
1407 4390 1510 4436 tontum

391 4477 490 4529 restant
506 4489 613 4526 normae
632 4471 790 4539 Byzantinae
808 4469 924 4522 adversi:

658 4554 707 4607 100
724 4555 794 4624 χύσις
813 4553 923 4623 sorapin
941 4555 1067 4625 δυσμενῶν
1085 4555 1136 4607 λύει
1154 4551 1242 4624 χαράν.
