3592 5400
620 521 716 566 canor
731 522 794 565 vua
818 521 859 563 na
875 520 1046 565 conminus.
1331 499 1391 565 107

271 699 344 739 usus
359 678 400 737 ait
414 696 471 735 non
486 677 571 736 dicit:
587 677 640 736 sed
654 677 715 735 alia
725 693 839 752 quoque
850 695 885 734 ex
896 675 978 734 codd.
991 675 1099 746 hausit,
1114 675 1193 734 relat
1204 674 1391 736 Constantini

271 792 313 850 M.
329 791 369 849 ad
384 788 559 849 Silvestrum
571 789 686 864 Papam
699 788 899 857 donationem,
919 806 995 864 quae
1013 807 1041 847 a.
1059 787 1119 847 305
1140 786 1218 846 facta
1235 805 1302 846 esse
1314 788 1392 855 dice·

271 903 368 970 batur,
384 899 554 977 pleniorem,
569 918 656 974 quam
668 899 715 958 vel
725 898 811 956 hodie
822 917 841 956 a
851 899 973 957 Webero
985 898 1015 955 in
1026 898 1098 957 diss.
1110 898 1152 956 IV
1163 898 1392 958 ‹ie-versionibus

273 1030 308 1071 ex
322 1011 375 1068 lat.
391 1011 423 1068 in
437 1028 532 1092 graec.
547 1009 635 1069 iactis
648 1031 677 1086 p.
693 1011 731 1068 10
747 1017 793 1069 est
807 1009 895 1068 edita.
921 1009 967 1068 Ad
982 1009 1131 1067 oraculum
1145 1009 1243 1068 codice
1254 1028 1324 1068 usus
1337 1016 1391 1079 est,

272 1123 322 1200 qui
338 1120 530 1181 Ambrosiano
545 1139 631 1196 quam
646 1120 842 1197 Neapolitano
857 1119 982 1179 similior
995 1127 1056 1192 est3
1077 1121 1129 1179 sed
1143 1120 1221 1197 typis
1237 1121 1392 1199 neglegen-

272 1233 389 1293 tissime
403 1239 448 1290 est
462 1232 648 1308 descriptum.
679 1231 755 1289 Nam
771 1249 873 1306 saepe,
889 1230 939 1291 ubi
953 1230 985 1287 in
1001 1231 1134 1290 versibus
1150 1229 1272 1291 Graecis
1287 1231 1392 1290 menda

273 1351 358 1414 sunt,
384 1341 505 1403 Steuehi
526 1342 727 1418 interpretatio
753 1341 847 1404 latina
867 1349 977 1400 rectam
1001 1341 1157 1399 lectionem
1178 1343 1308 1418 praebet.
1345 1344 1392 1402 Ex

273 1454 401 1516 Steucho
413 1453 576 1530 complures
587 1454 761 1523 hauserunt,
775 1453 856 1510 velut
866 1454 991 1528 Mornay
1001 1453 1037 1510 de
1048 1452 1079 1510 la
1089 1452 1212 1530 religion
1224 1452 1392 1511 chre'tienne

272 1584 338 1642 cap.
355 1567 373 1624 3
395 1585 424 1641 p.
443 1565 481 1622 33
502 1564 548 1622 ed.
565 1563 661 1622 Paris.
683 1564 763 1622 1590
785 1562 917 1620 oratione
931 1563 1066 1639 pedestri
1085 1582 1186 1622 versus
1204 1564 1242 1623 00
1264 1571 1390 1624 enarrat.

272 1678 346 1736 Post
365 1674 476 1735 Maium
496 1674 648 1733 ediderunt
667 1673 843 1732 Mullachius
862 1672 898 1730 de
918 1673 1066 1749 prooemio
1086 1674 1273 1751 Empedoclis
1293 1675 1391 1761 Berol.

275 1787 366 1848 1850.
377 1787 421 1844 ch.
432 1786 451 1845 4
458 1785 538 1860 p.·15
548 1802 613 1860 sqq.
626 1792 655 1842 et
665 1784 877 1843 Boissonadius
888 1784 1000 1842 notices
1017 1791 1046 1841 et
1056 1787 1178 1843 extraits
1189 1785 1245 1844 vol.
1257 1786 1274 1845 0
1286 1794 1361 1865 part
1373 1787 1390 1848 0

271 1919 300 1976 p.
315 1898 374 1959 071
393 1890 441 1973 (cf.
453 1916 482 1973 p.
497 1888 579 1972 094).
676 1905 680 1911 ·

336 2009 383 2069 Ex
397 2007 455 2066 alio
471 2006 569 2065 codiee
585 2025 636 2084 ego
652 2026 680 2065 a.
696 2007 775 2066 1847
792 2013 914 2064 exeunte
931 2015 960 2064 et
975 2007 1030 2066 hoc
1044 2007 1191 2065 oraculum
1205 2007 1346 2084 descripsi
1363 2017 1392 2069 et

272 2118 466 2196 complurium
477 2118 596 2176 deornm
610 2117 743 2189 oracula,
755 2118 821 2194 ipsa
835 2137 950 2194 qnoque
965 2138 984 2177 a
995 2115 1121 2178 Steucho
1135 2118 1237 2195 paucis
1252 2119 1391 2198 exceptis,

272 2230 406 2306 quamvis
426 2230 504 2293 satis,
521 2230 674 2299 mendoso,
695 2230 846 2306 impressa.
883 2227 982 2288 Codex
1002 2237 1048 2288 est
1065 2228 1279 2306 Neapolitanus
1298 2230 1392 2289 musei

271 2340 429 2402 Borboniei
444 2341 474 2399 II
487 2340 522 2399 F.
539 2341 567 2399 9.
583 2341 675 2398 chart.
695 2359 772 2400 saec.
788 2343 835 2400 14.
856 2340 939 2399 form.
959 2360 1052 2412 max„
1075 2359 1161 2417 quem
1185 2339 1264 2402 Salv.
1288 2316 1392 2419 cyrilli

271 2452 405 2529 catalogo
422 2443 527 2528 (Neap.
543 2452 622 2511 1830
635 2452 679 2510 ch.
693 2453 728 2521 4,
744 2450 831 2511 tomis
844 2445 874 2528 0)
889 2471 961 2511 usus
976 2451 1153 2510 describam:

337 2561 470 2637 „Charta
483 2562 621 2621 subfusca
635 2569 695 2632 est,
711 2579 824 2632 crassa,
844 2562 990 2638 scriptura
1004 2580 1063 2632 non
1078 2562 1194 2621 omnino
1209 2560 1389 2640 inelegans.“

270 2675 305 2735 P.
320 2674 548 2752 3-410ngum
563 2672 684 2733 Maximi
703 2672 853 2732 Planudae
869 2689 985 2732 carmen
1004 2674 1041 2732 de
1058 2676 1265 2756 τερατουργῷ,
1284 2665 1315 2743 ὃς
1335 2677 1392 2756 μῦν

271 2778 433 2863 συλλαβὼν
452 2781 503 2860 asi
522 2785 562 2855 ιἰς
583 2780 654 2861 βοῦν
674 2772 861 2867 μεταμείψας
879 2788 925 2859 τῷ
945 2769 1117 2868 Κλεοδήμῳ
1138 2768 1284 2859 ἀπέδοτο,
1304 2787 1391 2844 hexa-

270 2896 384 2969 metris,
395 2896 445 2971 qui
456 2896 563 2973 partim
574 2913 695 2954 caesura
706 2903 815 2966 carent,
828 2895 934 2972 partim
946 2903 1068 2956 accentu
1078 2896 1208 2973 syllabas
1219 2896 1390 2973 producunt.

338 3008 392 3081 „In
405 3026 442 3065 eo
457 3007 548 3066 habes
562 3026 581 3064 a
594 3026 624 3083 p.
638 3007 656 3064 6
672 3006 761 3078 adst
775 3006 902 3083 amplam
919 3008 1118 3066 collectionem
1130 3006 1201 3067 varii
1218 3008 1391 3089 argumenti,

426 3117 552 3175 Maximo
567 3117 719 3176 Planudae
734 3117 858 3176 sortasse
873 3115 1086 3180 tribuendam.“

334 3228 401 3288 Fol.
416 3229 453 3288 09
464 3263 500 3273 --
510 3230 549 3288 90
566 3247 664 3288 vacua.

336 3340 371 3397 P.
391 3297 553 3416 naburip.
574 3339 711 3410 Hecuba,
733 3339 926 3415 praecedente
945 3341 1006 3397 vita
1024 3340 1214 3423 Moschopulo
1235 3341 1344 3399 tributa
1363 3349 1392 3400 et

269 3456 444 3529 argumenta
457 3442 549 3509 Marri
563 3443 619 3515 riv
627 3441 717 3508 Ἰλίου
732 3444 905 3531 πολιορκίαν
920 3457 989 3508 cett.
1004 3456 1034 3507 et
1047 3450 1116 3507 hoe:

544 3585 580 3637 Tb
593 3586 676 3655 δρᾶμα
688 3589 761 3637 τοῦτο
774 3583 816 3651 τὴν
829 3584 908 3655 ταφὴν
920 3584 1073 3655 Πολυδώρου

543 3678 681 3745 Πολυξένης
693 3696 719 3731 τε
731 3678 773 3745 τὴν
792 3678 889 3749 σφαγὴν
902 3674 1042 3748 διαγράφει,

544 3773 584 3825 καὶ
597 3777 641 3824 τοῦ
653 3772 847 3843 Πολυμήστορος
860 3768 980 3843 ὀμμάτων
993 3770 1074 3840 δίκην,
1124 3821 1126 3827 .

544 3866 596 3918 οἵαν
609 3866 734 3937 δεδρακὼς
747 3858 813 3937 εὗρεν
826 3864 983 3937 ἀντιμισθίαν,

270 4011 300 4062 et
320 4021 345 4061 e.
368 3975 472 4063 scholl.
495 4002 710 4080 marginalibus
726 4003 835 4062 notatis
858 4021 946 4080 saepe
965 4002 1110 4062 Manuelis
1131 4000 1339 4081 [Moschopuli]
1361 4014 1391 4064 et

269 4134 358 4171 manu
373 4113 489 4171 diversa
503 4113 624 4171 Maximi
638 4113 787 4171 nominum
802 4110 995 4191 compendiis,
1011 4122 1041 4171 et
1056 4132 1079 4173 c.
1095 4115 1203 4191 glossis
1218 4115 1346 4173 interlin.

335 4223 505 4299 Sequuntur
524 4243 616 4299 usque
635 4224 673 4281 ad
692 4223 742 4283 iol.
759 4227 817 4283 140
834 4224 932 4285 Orest.
949 4228 1060 4286 Phoen.
1076 4225 1208 4285 Troades
1229 4244 1252 4282 c.
1269 4224 1389 4283 scholiis

270 4343 300 4391 et
313 4334 432 4413 glossis.
452 4369 488 4377 —
506 4335 654 4393 Troadum
669 4333 789 4393 scholiis
804 4314 1011 4413 Aristophanis
1032 4336 1150 4394 nomine
1169 4335 1318 4410 inscriptis
1334 4332 1389 4394 Co.-

269 4446 355 4503 betus
376 4464 448 4503 usus
468 4452 523 4504 est.
553 4443 656 4503 Edidit
675 4445 712 4502 ad
733 4442 841 4505 calcem
861 4447 973 4506 Phocn.
994 4445 1052 4506 Iac.
1074 4446 1196 4506 Geelius
1210 4445 1304 4527 Lugd.
1320 4443 1388 4508 Bat.

272 4555 354 4613 1846
366 4556 411 4613 ch.
427 4556 454 4614 8.
