3592 5400
341 501 402 568 152
449 556 451 560 .
829 519 921 562 maan
934 519 966 561 11.

403 643 470 737 11οσ
490 669 637 734 oraculum
658 674 864 750 aphilosopho
881 672 994 732 Graeco
1015 672 1115 730 fictum
1135 679 1196 742 est,
1216 671 1347 730 fortasse
1366 690 1461 731 evoca-

340 789 429 847 tionis
442 805 444 810 ·
458 806 560 857 causa,
587 794 619 844 ut
640 787 755 860 reliqua
774 783 905 842 Hecatae
931 784 1057 842 oracula.
1098 783 1185 841 Hanc
1207 783 1300 860 igitur
1327 783 1412 841 deam
1436 791 1462 842 et

342 894 476 976 Sarapim
491 905 646 974 postquam
661 896 852 954 daemonibus
867 913 1006 971 praeesse
1020 894 1132 964 docuit,
1148 894 1186 950 ad
1199 894 1334 970 ipsorum
1349 895 1462 953 daemo-

275 977 280 995 Ι
340 1030 408 1068 num
430 1010 537 1066 cultum
553 1007 669 1071 transit.
698 1005 788 1065 Cuius
808 1006 864 1064 loci
885 1005 1035 1063 exordium
1054 1005 1151 1080 aptius
1172 1006 1239 1082 capi
1258 1025 1318 1063 non
1338 1013 1461 1082 poterat,

341 1094 427 1198 quam
442 1140 460 1177 a
475 1120 628 1188 daemone,
645 1137 730 1193 quem
745 1119 809 1192 ipse
824 1117 946 1174 viderat.
968 1117 1072 1191 Itaque
1083 1117 1140 1173 huc
1150 1116 1259 1187 refero,
1275 1117 1353 1192 quod
1365 1118 1462 1175 Euna-

340 1232 406 1308 pius
427 1231 468 1288 vit
487 1230 595 1305 Porph.
612 1249 641 1304 p.
655 1229 725 1286 457.
742 1227 815 1286 lina
838 1226 883 1284 ed.
899 1226 996 1285 Boiss,
1012 1227 1043 1284 ΙΙ
1062 1220 1172 1304 (Paris.
1193 1246 1220 1284 a.
1242 1221 1337 1305 1847)
1358 1228 1461 1285 tradit:

341 1333 439 1408 Αὐτὸς
455 1333 507 1422 μὲν
523 1326 574 1395 οὖν
590 1355 661 1421 φησι
678 1329 881 1415 (Porphyrius)
898 1379 924 1393 ..
940 1335 1089 1429 έπφτυχεῒν
1104 1332 1272 1420 χρηστηρίῳ
1286 1320 1394 1420 μηδενὶ
1405 1342 1462 1395 τῶν

343 1435 504 1532 δημοσίων·
521 1448 550 1507 ἐν
567 1433 599 1506 δὲ
615 1446 699 1524 αὐτῷ
714 1453 759 1524 τῷ
775 1443 879 1526 βιβλίῳ
895 1440 1099 1530 καταγράφει,
1115 1443 1166 1503 καὶ
1179 1441 1258 1529 μετὰ
1269 1451 1372 1505 ταῦτα
1384 1441 1463 1536 ἄλλα

341 1552 590 1645 πραγματεύεται
605 1551 719 1630 πολλοί,
740 1552 819 1627 ὅπως
833 1553 887 1640 χρη
903 1551 1020 1615 τούτων
1039 1550 1189 1615 ποιεῖσθαι
1207 1552 1263 1622 την
1284 1553 1461 1641 ἐπιμέλειαν.

343 1666 414 1752 φησὶ
435 1655 468 1727 δὲ
489 1665 539 1726 καὶ
561 1653 713 1751 δαιμόνιόν
732 1687 799 1725 τινα
820 1662 905 1751 φύσιν
925 1662 984 1725 ἀπὸ
1005 1666 1132 1748 λουτροῦ
1153 1685 1231 1737 τινος
1252 1651 1396 1738 ἐκδιῶξαι
1417 1666 1463 1726 καὶ

343 1776 495 1857 ἐκβαλεῖν·
512 1771 678 1837 Καυσάθαν
693 1782 801 1836 τοῦτον
817 1778 922 1864 ἔλεγον
937 1777 964 1835 οἱ
979 1773 1135 1860 ἐπιχώριοι.
1164 1778 1269 1854 Itaque
1285 1779 1315 1836 in
1330 1781 1415 1839 libris
1431 1781 1462 1837 de

344 1891 469 1950 oraculis
484 1891 720 1949 vaticinationem
736 1891 849 1960 attulit,
865 1909 952 1964 quam
968 1891 1032 1966 ipse
1044 1889 1228 1949 obtinuisset.
1251 1891 1355 1968 Pergit
1366 1893 1462 1950 Euna-

342 2003 408 2080 pius
424 2003 480 2073 ita,
502 2009 534 2059 ut
554 2002 634 2060 nullo
649 2003 707 2059 alio
722 2002 796 2059 libro
812 1981 961 2058 nominato
977 2001 1146 2058 daemonem
1164 2011 1386 2074 commemoret3
1407 2022 1461 2060 non

343 2122 388 2171 est
403 2115 506 2192 igitur,
530 2114 607 2188 quod
622 2113 679 2170 alio
695 2113 726 2169 in
741 2113 815 2171 libro
831 2114 904 2169 haec
918 2119 1037 2169 narrata
1052 2131 1117 2170 esse
1133 2132 1150 2170 a
1164 2113 1330 2190 Porphyrio
1349 2132 1461 2172 censea-

342 2243 417 2283 mus.
440 2225 499 2282 Hic
513 2244 600 2300 quum
617 2225 652 2281 dc
668 2223 792 2281 oraculis
809 2230 1066 2294 commentaretur,
1082 2224 1253 2282 adolescens
1267 2223 1338 2296 fuit3
1354 2226 1461 2282 habita·

343 2343 536 2410 renatusque
558 2353 591 2391 eo
612 2335 642 2390 in
665 2332 750 2408 Syria
771 2334 959 2408 praesertim,
982 2335 1078 2409 patria
1098 2353 1166 2405 sua3
1187 2333 1224 2391 ad
1240 2332 1359 2410 Syriam
1380 2336 1461 2393 etiam

343 2464 449 2504 nomen
464 2444 614 2503 daemonis
630 2463 682 2502 nos
695 2444 835 2520 perducit.
859 2443 1004 2501 Hebraico
1019 2425 1154 2528 φᾩλξψ
1170 2451 1215 2502 est
1227 2447 1317 2503 robur
1329 2443 1459 2516 Satanae,

344 2556 364 2614 i.
377 2575 402 2617 e.
415 2555 499 2615 fortis
512 2575 535 2615 s.
548 2556 652 2634 ingens
666 2553 808 2626 Satanas,
826 2564 856 2612 ut
871 2547 971 2638 'ist-717.
983 2534 1029 2633 “it
1046 2564 1092 2615 cst
1105 2556 1231 2632 populus
1246 2555 1363 2634 ingens.

450 2668 559 2727 Euseb.
572 2688 618 2749 pr.
637 2686 679 2726 cv.
697 2669 725 2725 4.
745 2667 793 2725 20.
813 2669 827 2724 1
844 2686 873 2742 p.
890 2665 949 2724 100
966 2663 1068 2741 Steph.
1084 2685 1113 2741 p.
1130 2666 1188 2724 168
1201 2685 1228 2724 a.
1245 2665 1312 2743 vig.

413 2771 508 2822 Τούτου
522 2769 548 2821 δὲ
561 2768 652 2841 μάρτυς
666 2768 678 2820 ὁ
692 2769 732 2821 καλ
745 2768 863 2838 πρόσθεν,
882 2766 906 2819 ἐν
919 2761 953 2828 οἷς
966 2766 1088 2839 ἐπέγραψε
1104 2772 1146 2835 τῆς
1163 2767 1190 2819 ἐκ
1208 2767 1302 2837 λογίων
1321 2770 1460 2840 φιλοσοφίας

345 2856 394 2915 ὦδε
405 2862 510 2932 ἱστορῶν
523 2863 598 2933 πρὸς1
613 2862 689 2923 λέξιν·
1116 2931 1119 2943 Ι

408 2948 596 3032 Σπεύδοντος
616 2968 688 3046 γοῦν
710 2967 765 3020 τοῦ
787 2957 941 3046 προφήτου
962 2962 1153 3029 αύτοπτῆσαι
1170 2959 1206 3022 τύ
1227 2956 1307 3022 θεῖον
1321 2963 1373 3024 καὶ
1389 2966 1460 3025 ἐπει-

344 3067 486 3157 γομένου,
506 3065 687 3146 ὁἉτύλλων
703 3057 851 3131 ἀδύνατον
870 3074 925 3157 ἔφη
943 3069 980 3131 τύ
997 3068 1139 3132 τοιοῦτο2
1155 3070 1220 3157 πρὶν
1239 3068 1336 3159 λύτρα
1352 3082 1397 3154 τῷ
1413 3094 1461 3135 πο-

345 3188 422 3266 νηρῷ
436 3168 552 3267 δαίμονι
565 3167 674 3241 δοῦναι.
689 3176 785 3267 Λέγει
798 3167 830 3241 δὲ
842 3178 949 3254 οὕτως·

471 3287 580 3378 Λύτρα
597 3278 679 3352 δίδου
695 3290 959 3380 γαίηςπατρίης3
975 3291 1105 3379 οἰκητορι
1121 3300 1234 3378 σεμνῷ,

378 3407 446 3466 175.
470 3410 576 3490 πρῶτα
592 3399 690 3489 χοάςί,
707 3401 871 3490 μετέπειτα
885 3402 997 3490 πυριὴν5
1012 3390 1058 3470 ηδ’
1073 3396 1150 3489 αἷμα
1164 3401 1311 3481 κελαινόν,

363 3556 368 3562 ·
413 3536 463 3592 1Ι)
483 3541 508 3587 at
525 3537 596 3604 vulg.
615 3541 675 3588 ante
696 3536 777 3589 Gaisf.
796 3535 859 3587 κατὰ
876 3553 923 3605 pro
943 3535 1003 3605 πρὸς
1022 3540 1049 3587 et
1065 3528 1114 3586 ὦδε
1131 3552 1177 3604 pro
1196 3534 1283 3595 οὕτως,

413 3620 423 3653 ²
442 3619 486 3672 Sic
503 3619 533 3672 A.
546 3621 611 3675 Rell.
630 3626 749 3672 τοιοῦτον.

413 3706 424 3739 ³
443 3705 486 3757 Sic
504 3706 570 3759 coni.
585 3707 697 3775 Vigerus
715 3724 761 3775 pro
780 3706 893 3774 πατέρης.
925 3706 1066 3758 Oraculum
1084 3722 1163 3775 prosa
1179 3708 1296 3759 oratione
1314 3706 1463 3779 παραρρίιζει

344 3790 497 3843 Theodorct.
518 3790 609 3843 Graec.
623 3791 665 3843 aff.
679 3808 734 3844 san.
748 3791 814 3860 disp.
831 3791 870 3843 10.
889 3798 952 3845 tom.
965 3792 990 3845 4.
1008 3809 1034 3860 p.
1051 3790 1112 3844 9552
1137 3788 1193 3841 ἀλλ’
1212 3788 1225 3841 ὁ
1245 3790 1335 3852 Πύθιος
1354 3792 1464 3844 τάναντία

344 3878 381 3942 τῷ
399 3874 533 3943 Πορφυρίῳ
552 3875 688 3943 νομοθετεῖ·
708 3876 798 3927 κελεύει
816 3876 863 3945 γάρ
882 3894 920 3944 τῳ
935 3875 1049 3945 χρησμὸν
1067 3874 1199 3935 ἐξαιτοῦντι
1216 3875 1296 3944 λύτρα
1313 3876 1368 3928 τινὰ
1385 3879 1465 3929 δοῦναι

344 3962 381 4026 τῷ
400 3963 501 4027 πονηρῷ
521 3958 617 4027 δαίμονι
640 3959 702 4030 χοὰς
721 3960 760 4010 καλ
783 3960 860 4031 πυρὴν
882 3961 923 4011 καὶ
941 3954 1003 4029 αἷμα
1024 3960 1135 4012 κελαινὸν
1154 3961 1243 4029 (sylb.
1261 3962 1293 4015 A.
1316 3962 1357 4013 καὶ
1375 3960 1463 4031 ἔλαιον,

345 4042 414 4112 quod
433 4059 512 4111 supra
529 4043 594 4094 illud
611 4061 659 4097 scr.
677 4045 745 4097 Flos.
765 4046 792 4113 2)
811 4046 850 4096 καὶ
870 4040 937 4096 αἶνον
955 4045 1113 4115 παμμελανα.
1158 4082 1161 4088 «

412 4128 424 4162 4
442 4126 517 4195 Χοαί,
536 4128 626 4180 libatio
643 4129 760 4181 funebris
778 4131 850 4182 Eust.
870 4131 917 4184 Od.
936 4131 975 4182 10.
987 4131 1038 4183 518
1057 4137 1104 4183 etc.
1134 4132 1165 4184 H.
1183 4133 1201 4185 Ι.
1220 4148 1288 4200 aqua
1306 4134 1405 4186 libatur
1422 4138 1465 4186 aut

343 4230 409 4285 pura
427 4219 473 4266 aut
491 4230 550 4266 cum
564 4214 641 4264 mello
658 4215 748 4278 mista,
767 4216 896 4283 siquidem
908 4217 999 4267 vinum
1017 4223 1042 4268 et
1059 4218 1100 4269 lac
1118 4225 1209 4285 postea
1220 4225 1464 4271 commemorantur.

345 4298 375 4351 Οί
398 4300 450 4369 μεθ’
468 4296 585 4368 Ὅμηρον
604 4298 677 4369 μέχρι
700 4297 834 4367 καὶέσάρτι
857 4302 941 4369 κρᾶμα
965 4300 1065 4369 μέλιτος
1089 4302 1129 4353 καὶ
1152 4302 1241 4362 ύδατος
1265 4302 1294 4353 τ“ο
1320 4303 1463 4373 μελίκρατον

346 4382 425 4435 οἴδασι
442 4385 476 4437 id.
500 4383 562 4438 ibid.

414 4468 423 4500 ⁵
442 4469 485 4522 Sic
498 4470 570 4522 codd.
584 4475 610 4522 et
622 4468 728 4533 Theca,
745 4470 797 4522 nisi
809 4470 879 4538 quod
893 4468 970 4522 huius
983 4474 1115 4542 scriptoris
1127 4473 1182 4527 cod.
1195 4474 1217 4525 A
1229 4473 1368 4543 Sytburgr'i
1380 4476 1464 4544 πύρην.

344 4552 460 4624 Toupius
481 4554 694 4627 Gaisfordiusque
718 4556 803 4629 παρῆν
821 4556 950 4622 scribunt,
973 4558 1139 4613 immemores
1163 4559 1267 4629 ypsilon
1284 4560 1403 4628 produci.
1437 4560 1465 4616 Si
