3592 5400
826 516 919 558 LIBER
939 517 970 558 11.

465 663 638 754 παρα-αἱμαι
651 686 688 729 τε
703 665 804 752 μυχοί,
819 666 870 727 καὶ
885 653 1022 750 δαίμονες
1036 661 1263 750 treqplooouonr.²

336 784 486 857 Quartum
506 799 621 840 versum
644 800 680 839 ex
699 781 861 857 Augustino
882 779 927 838 sie
948 779 1065 857 refingit
1086 781 1121 836 Α.
1137 777 1302 837 Nauelrius:

467 879 508 948 ὧν
523 885 612 973 νόμος
626 887 690 948 teri
703 885 817 972 πατήρ,
833 885 918 974 ἁγνοὶ
933 874 967 946 δὲ
980 884 1091 946 τίουσιν
1107 879 1247 970 Ἑβραῖοι

338 1003 420 1062 Olim
430 1009 559 1060 verterat
567 1006 722 1084 παναγεῖς.
740 1001 820 1059 Idem
832 1000 950 1058 eoniioit
961 998 991 1056 in
1002 999 1111 1069 eodiee,
1126 1017 1182 1074 quo
1194 999 1374 1075 Porphyrius
1385 1018 1455 1057 usus

340 1115 393 1184 sit,
413 1106 504 1195 νόμος
514 1120 678 1188 eorruptum
690 1112 783 1170 inisse
797 1131 833 1168 ex
847 1104 927 1193 egedo

402 1224 470 1282 Ηοο
484 1222 631 1281 oraculum
645 1222 685 1280 ibi
701 1222 821 1280 allatum
841 1239 908 1279 esse
922 1228 992 1297 puto
1012 1239 1032 1277 a
1044 1221 1223 1297 Porphyrio‚
1243 1221 1291 1280 ubi
1307 1218 1456 1278 Hebraeo·

340 1355 403 1393 rum
427 1333 602 1410 sapientiam
626 1333 822 1409 praedicaret,
850 1332 949 1389 fiotum
971 1340 1069 1389 autem
1092 1349 1158 1388 esse
1179 1331 1325 1407 Apollinis
1347 1330 1457 1388 Milesii

342 1445 459 1503 nomine
474 1445 512 1502 ab
522 1444 630 1502 Iudaeo
643 1443 769 1517 quodam
784 1443 878 1500 docte.
902 1441 957 1500 cui
970 1441 1022 1498 illa
1032 1458 1147 1517 quoque
1158 1441 1346 1518 disceptatio,
1362 1449 1457 1497 utrum

342 1557 388 1614 lex
397 1574 437 1612 an
448 1555 524 1613 ratio
534 1561 711 1631 praestaret,
727 1561 797 1628 apta
807 1561 886 1610 erat:
902 1571 969 1609 nam
984 1552 1035 1608 alii
1046 1552 1217 1610 Iudaeorum
1234 1552 1301 1608 inde
1313 1521 1350 1609 ab
1362 1558 1458 1607 aetate

343 1666 541 1725 Alexandrina
554 1664 628 1741 legis
644 1683 744 1722 saurae
758 1665 878 1721 verbum
892 1661 1064 1737 litterasque
1084 1665 1294 1739 sequebantur,
1315 1662 1365 1718 alii
1387 1661 1458 1717 libe·

343 1778 416 1834 riore
431 1774 643 1852 interpretandi
658 1775 744 1831 venia
757 1775 921 1831 utebantur.

798 2033 1001 2042 n————

407 2685 456 2746 De
472 2683 595 2755 oraculi,
612 2704 668 2762 quo
680 2683 804 2741 alterurn
816 2683 922 2743 librum
934 2682 1057 2759 incipio,
1074 2681 1220 2741 codicibus
1238 2690 1267 2740 et
1283 2681 1460 2741 editionibus

343 2818 372 2875 p.
390 2799 448 2856 106
461 2815 525 2873 sqq.
552 2795 621 2854 dixi.
649 2793 793 2854 Steuehus
815 2795 850 2851 de
869 2794 991 2871 perenni
1014 2794 1198 2872 philosophia
1222 2794 1287 2852 libr.
1306 2797 1322 2852 3
1344 2814 1407 2871 eap.
1423 2797 1461 2853 14

344 2929 373 2984 p.
391 2909 449 2966 189
467 2907 511 2965 ed.
527 2906 621 2965 Basil.
636 2906 708 2963 haee
722 2906 885 2982 praefatur:
911 2907 1002 2979 „Post
1024 2906 1213 2982 philosophos
1233 2906 1322 2983 igitur
1335 2926 1394 2964 non
1407 2907 1462 2965 abs

346 3039 377 3076 re
391 3019 518 3075 fortasse
533 3017 573 3075 sit
587 3016 686 3074 audire
702 3017 874 3075 daemonnm
889 3035 1004 3093 quoque
1015 3017 1191 3094 theologiam
1203 3024 1232 3074 et
1243 3035 1365 3074 arcanas
1377 3035 1463 3094 quas·

347 3130 413 3186 dam
434 3127 595 3185 divinitatis
615 3127 717 3185 laudes
734 3170 762 3184 ..
801 3128 963 3185 Addueitur
981 3127 1036 3184 hoe
1051 3128 1199 3185 oraculum
1214 3147 1272 3185 non
1288 3147 1306 3185 a
1321 3125 1463 3186 Christia-

344 3239 408 3310 nis,
432 3239 482 3296 sed
506 3257 524 3294 a
544 3238 706 3314 Porphyrio
728 3235 961 3296 Christianorum
983 3237 1067 3296 hoste
1089 3237 1199 3295 decimo
1222 3238 1297 3295 libro
1320 3232 1464 3319 εὐλογίαν

346 3344 528 3431 φιλοσοφίας.
555 3349 687 3425 Rogatus
702 3348 840 3418 daemon,
860 3348 1003 3424 quomodo
1024 3348 1095 3404 deus
1117 3347 1254 3404 colendus
1275 3356 1304 3403 et
1318 3347 1464 3423 rogandus

346 3468 440 3529 esset,
463 3477 527 3516 eum
548 3476 653 3534 negare
679 3478 737 3516 non
762 3465 878 3533 posset,
908 3459 980 3513 haee
999 3456 1098 3512 divina
1117 3456 1247 3512 earmina
1268 3453 1413 3530 profudit“
1434 3502 1462 3515 ..

344 3570 392 3629 De
415 3568 483 3627 libri
504 3568 600 3625 indice
621 3560 813 3644 versuuinqne
836 3585 955 3625 numero
977 3566 1123 3625 consentit
1144 3567 1300 3623 Mornaeus
1323 3567 1358 3623 de
1381 3566 1462 3644 relig.

347 3679 456 3738 Christ.
474 3698 536 3755 cap.
551 3681 584 3749 3,
606 3680 655 3753 qui
674 3698 775 3738 versus
791 3677 904 3737 Graece
924 3677 1041 3752 quidem
1061 3696 1118 3734 non
1140 3677 1245 3747 edidit,
1266 3678 1319 3735 sed
1338 3676 1464 3735 Franco·

417 3868 424 3901 ¹
446 3867 490 3919 Sie
509 3866 653 3929 Gedrenus3
672 3863 799 3935 ταρτάρεοι
816 3867 888 3918 Laot.

415 3950 611 4021 linqplrroueo
634 3952 705 4003 Laet.
729 3951 868 4003 Oraeulum
895 3968 956 4003 eum
979 3952 1085 4003 oraculo
1111 3952 1198 4004 ultimi
1219 3951 1273 4004 mei
1298 3951 1468 4003 additamenti

347 4038 432 4107 primo
454 4036 500 4089 Ge.
513 4037 644 4089 Cedrenus
658 4037 847 4088 consarcinavit
859 4036 919 4088 hist.
932 4052 1016 4105 eomp.
1028 4036 1081 4088 lle
1094 4038 1130 4105 (p.
1140 4037 1181 4090 73.
1195 4038 1226 4089 19
1243 4037 1349 4105 Belial:
1368 4036 1467 4105 Φαραὼ

346 4120 509 4181 Πετισοώνιος
523 4160 528 4173 .
544 4163 549 4175 .
563 4119 594 4181 εἷς
613 4120 641 4171 το
660 4121 804 4189 περιβόητον
822 4118 846 4170 ἓν
863 4120 959 4189 Μέμφει
977 4124 1089 4189 μαντεῖον
1107 4124 1236 4191 γενόμενος
1248 4163 1254 4174 .
1268 4163 1274 4176 .
1287 4121 1388 4173 ἐπύθετο
1401 4117 1467 4189 παρὰ

347 4212 388 4273 τῆς
407 4205 498 4266 Πυθίας
515 4205 582 4257 οὕτω
596 4203 709 4274 φάσκων·
728 4204 861 4273 οαφήνιαόν
880 4224 934 4273 μοι,
953 4206 986 4265 τίς
1005 4204 1055 4257 ἐστι
1072 4209 1170 4275 πρῶτος
1188 4206 1257 4276 ὑμῶν
1269 4207 1310 4257 καθ
1326 4206 1401 4274 μέγας
1414 4204 1467 4263 θεὸς

346 4290 371 4343 ἐν
388 4290 505 4360 Ἰσραήλ,
530 4291 576 4341 Καὶ
598 4291 667 4349 εὐθὺς
685 4288 852 4357 ἀπεφθέγξατο
873 4290 1067 4359 χρησμολογοῦν
1085 4291 1152 4341 οθτιο
1173 4291 1202 4341 το
1220 4296 1328 4358 πνεῦμα·
1346 4287 1396 4339 ἔστι
1413 4288 1467 4339 κατ’

348 4376 457 4446 οὐρανοῦ
476 4373 594 4444 μεγάλοιο
614 4375 730 4444 βεβηκός,
750 4373 844 4443 φλογθς
862 4373 1029 4444 ὑπερβάλλον,
1048 4375 1151 4444 αἴθριον,
1170 4372 1289 4425 ἀθάνατον
1308 4379 1364 4443 πῦρ,

416 4458 444 4511 ‘dr
463 4460 545 4529 τρέμει
562 4463 623 4528 πᾶν,
642 4458 744 4529 οὐρανὸς
762 4458 822 4528 γαῖά
839 4478 864 4510 τε
882 4460 923 4510 καθ
941 4457 1066 4529 θάλασσα,

416 4545 542 4616 ταρτάριοι
560 4544 637 4614 βύθιοί
655 4562 681 4595 τε
698 4544 769 4612 (fort.
789 4546 929 4615 scripserat
944 4562 971 4595 τε
989 4545 1058 4613 βυθοὶ
1076 4544 1127 4612 καὶ)
1145 4543 1258 4611 δαίμονες
1275 4540 1412 4613 ἐρρίγησαν.

1023 4697 1029 4762 i
