3592 5400
428 626 470 687 28
860 642 970 688 noras.

426 832 512 898 Idem
536 833 574 899 V.
598 833 639 900 H.
662 833 730 899 Lib.
754 835 817 900 III.
838 839 888 900 19.
911 833 1036 923 primam
1054 833 1175 901 discidii
1191 857 1312 903 oanmm
1328 837 1409 903 inter

426 973 581 1040 Platonem
612 979 642 1040 et
673 973 867 1040 Aristotelem
901 973 977 1040 hano
1004 974 1099 1041 inisse
1121 974 1229 1052 tradit,
1251 974 1333 1062 quod
1356 975 1407 1043 hie

426 1114 539 1181 vestitu
568 1120 599 1180 et
629 1114 714 1181 oultu
744 1120 823 1181 esset
853 1114 1050 1203 elegantiore,
1083 1120 1114 1179 et
1137 1113 1320 1203 disoipnlnm
1344 1139 1404 1182 ma-

426 1255 520 1342 gister
541 1252 609 1320 ideo
632 1254 861 1342 vituperaverit:
884 1275 941 1319 neo
963 1253 1021 1320 hoo
1039 1252 1192 1334 abhorret,
1212 1253 1264 1321 sed
1277 1255 1405 1321 maxime

426 1395 567 1460 convenit
596 1394 720 1483 ingenio
742 1392 935 1472 Aristotelis,
956 1393 1009 1480 qni
1032 1415 1185 1481 nunquam
1210 1393 1316 1461 dootor
1338 1418 1403 1463 nm·

425 1533 559 1600 brations
589 1534 664 1612 fuit,
694 1534 745 1599 sed
775 1534 808 1599 in
839 1532 906 1600 aula
936 1556 1038 1622 regum
1071 1533 1179 1600 versari
1209 1539 1315 1601 natus:
1338 1540 1403 1602 tum

426 1672 484 1740 Ad.
507 1673 598 1739 Stahr
619 1674 652 1738 in
675 1673 694 1739 l.
717 1696 742 1739 o.
766 1673 801 1739 Τ.
824 1696 852 1761 p.
877 1676 919 1740 5⁷
940 1679 1011 1740 nota
1031 1673 1106 1740 oitat
1124 1673 1310 1740 Athenaeum
1328 1674 1364 1740 L.
1377 1677 1405 1740 l.

425 1837 453 1903 p.
477 1818 536 1892 21,
567 1814 618 1880 ubi
650 1814 835 1902 Hermippus
865 1813 945 1879 idem
976 1814 1084 1881 uitium
1112 1819 1212 1881 narrat
1243 1813 1280 1880 de
1307 1814 1405 1880 Pheo-

424 1953 563 2042 phrast03
599 1954 717 2021 videtur
750 1954 847 2042 igitur
881 1952 1049 2040 discipulus
1087 1953 1222 2041 magistri
1257 1953 1404 2020 carissimi

426 2095 500 2160 vitia
522 2094 611 2160 etiam
634 2094 771 2159 imitatus
794 2115 866 2158 esse.

470 2232 538 2298 Jam
569 2232 606 2298 ab
636 2232 775 2299 omnibus
806 2232 880 2298 viris
910 2230 1052 2309 eruditis,
1083 2231 1135 2318 qni
1166 2231 1203 2297 de
1233 2230 1291 2297 hoo
1314 2256 1404 2321 argn-

427 2378 528 2438 mento
560 2373 760 2460 seripserunt,
784 2370 972 2437 observatum
996 2376 1056 2450 est,
1078 2369 1272 2437 Aristotelem
1296 2395 1313 2438 a
1335 2374 1406 2440 Pla·

426 2518 496 2578 tone
526 2535 564 2577 ne
595 2512 685 2578 semel
713 2512 834 2598 quidem
863 2511 1035 2588 memorari,
1058 2511 1139 2596 qnod
1161 2512 1238 2577 forte
1260 2513 1406 2580 aoeidisse

425 2652 477 2717 vix
508 2649 649 2717 credibile
680 2656 733 2717 est.
764 2650 858 2715 Porro
889 2650 1091 2738 Speusippus,
1122 2673 1181 2717 non
1210 2652 1405 2733 Aristoteles,

426 2792 563 2857 Platonis
592 2791 652 2857 fuit
673 2791 706 2856 in
730 2791 878 2856 academia
903 2812 1073 2856 successor:
1097 2790 1280 2879 biographus
1303 2799 1406 2860 noster

426 2953 493 2997 oum
525 2930 592 2995 aliis
623 2929 680 2995 hoo
710 2930 830 3015 quidem
853 2929 925 2995 inde
947 2930 1091 3018 explieat,
1114 2931 1196 3017 quod
1219 2931 1405 3021 Speusippus

425 3069 561 3136 Platonis
592 3091 628 3134 ex
659 3090 759 3133 sorore
793 3068 874 3134 filins
904 3074 996 3146 esset,
1030 3069 1082 3135 sed
1112 3093 1204 3156 quum
1236 3069 1341 3138 multis
1372 3073 1405 3137 in

425 3208 513 3275 rebus
544 3208 735 3297 philosophia
766 3207 942 3274 Aristotelis
973 3207 1091 3273 differat
1122 3232 1140 3274 a
1169 3208 1322 3288 Platonis,
1341 3211 1403 3297 jam

425 3356 510 3415 antea
540 3348 709 3437 discipulus
741 3370 827 3435 saepe
857 3348 1041 3435 amagistro
1064 3348 1256 3426 dissensisse,
1280 3355 1310 3415 et
1334 3372 1403 3416 oon·

425 3490 554 3555 tentiose
574 3512 642 3554 oum
662 3488 716 3553 illo
735 3487 904 3575 disputasse
924 3486 1091 3552 oensendns
1110 3493 1172 3554 est:
1190 3492 1291 3553 utrum
1305 3496 1404 3555 autem

425 3630 466 3695 rei
490 3635 615 3695 naturae
638 3628 735 3716 magis
757 3631 803 3693 est
826 3631 1058 3692 consentaneum
1083 3626 1227 3715 magistro
1247 3628 1405 3695 succedere

424 3791 492 3834 eum
522 3769 574 3855 qui
605 3768 715 3844 multa,
749 3790 787 3831 an
810 3766 861 3853 qni
886 3764 965 3830 nihil
987 3766 1020 3829 in
1043 3765 1180 3854 magistri
1205 3764 1342 3833 doctrina
1364 3769 1405 3835 sit

423 3907 645 3974 innovaturus?
678 3906 802 3971 Frustra
832 3905 912 3970 enim
937 3909 1039 3969 noster
1063 3903 1245 3993 biographus
1268 3904 1404 3973 Platonis

425 4052 454 4113 et
476 4045 649 4112 Aristotelis
673 4045 784 4133 plaoita
807 4045 886 4110 inter
910 4067 942 4109 se
965 4044 1125 4110 oonoiliare
1146 4051 1284 4122 conatur,
1303 4068 1403 4113 exem·

423 4185 505 4273 plum
538 4191 660 4250 secutus
690 4185 872 4250 Graecorum
895 4183 1070 4250 Aristotelis
1093 4184 1305 4271 interpretum,
1329 4187 1404 4253 Hie-

423 4324 529 4401 roolis,
561 4321 737 4410 Porphyrii,
770 4323 907 4388 aliorum.
931 4322 1002 4388 Vid.
1027 4322 1057 4389 J.
1080 4323 1136 4388 Th.
1159 4322 1259 4388 Buhle
1281 4324 1312 4389 in
1336 4325 1355 4391 l.
1379 4348 1404 4393 o.

427 4465 463 4527 Τ.
489 4467 516 4528 1.
540 4486 567 4550 p.
593 4467 643 4527 88.
