3592 5400
739 658 972 704 PROLBGOMBNA.
1300 660 1344 705 Vll

365 853 420 916 ant
450 854 530 915 certa
559 855 613 916 aut
643 851 798 917 verisimili
829 853 1001 938 conjectura
1031 875 1085 940 pro
1109 851 1223 919 viribus
1247 875 1345 920 emen·

367 989 437 1055 dare
459 995 584 1056 conatus
608 1013 683 1058 sum.
707 991 816 1058 Veram
840 993 997 1058 restituere
1020 992 1180 1058 lectionem
1203 993 1250 1059 vel
1275 1016 1346 1081 sup

366 1129 446 1218 plere
467 1130 543 1196 mihi
566 1132 654 1197 lionit
678 1155 763 1220 saepe
793 1156 830 1198 ex
852 1130 927 1221 ipsis
950 1132 1025 1198 locis
1047 1132 1127 1220 apud
1150 1132 1344 1199 Aristotelem

366 1267 478 1347 obviis,
503 1292 578 1355 qnae
600 1293 618 1336 a
640 1276 744 1337 nostro
775 1270 939 1360 biographo
962 1272 1069 1350 citata,
1092 1270 1144 1337 ubi
1168 1272 1205 1337 de
1227 1272 1348 1338 Aristo·

367 1407 435 1474 telis
464 1407 652 1497 philosophia
675 1410 753 1497 agit,
777 1411 809 1476 in
834 1410 1011 1498 Philosophi
1033 1411 1172 1500 operibns
1193 1412 1346 1498 quaesivi,

366 1547 485 1625 inveni,
508 1554 538 1614 et
561 1551 728 1636 comparavi
754 1554 791 1635 1).

411 1687 472 1752 Res
502 1688 654 1775 postulare
683 1688 810 1768 videtur,
842 1695 876 1755 ut
907 1688 1054 1754 hocloco
1079 1688 1116 1754 de
1138 1689 1247 1769 variis,
1269 1712 1345 1776 qnae

367 1827 619 1894 circumferuntur
642 1826 818 1917 Philosophi
841 1827 1015 1894 Aristotelis
1047 1829 1139 1907 vitae,
1165 1850 1259 1916 pauca
1281 1851 1346 1895 mo·

367 1989 499 2033 neamus.

412 2105 497 2172 Nota
519 2111 562 2172 est
588 2106 665 2184 vita,
687 2129 778 2194 quam
800 2107 923 2194 scripsit
947 2106 1098 2194 Diogenes
1121 2106 1276 2186 Laertios3
1299 2110 1344 2172 est

368 2243 548 2322 Διογένους
580 2246 746 2330 Λαερτίου
778 2245 859 2331 βίων
891 2248 946 2309 καὶ
972 2249 1110 2328 γνωμῶν
1136 2250 1202 2310 τῶν
1228 2244 1263 2310 ἐν
1288 2272 1345 2330 φι-

371 2383 510 2469 λοσοφίᾳ
542 2383 825 2469 εὐδοκιμησάντων
859 2389 926 2450 τῶν
951 2388 995 2460 εἷς
1019 2383 1100 2449 δέκα
1124 2387 1160 2449 τὸ
1186 2390 1344 2469 πεμπτὸν.

411 2526 450 2589 In
481 2495 594 2590 adnolt.
619 2526 655 2590 ad
681 2525 848 2613 Diogenem
872 2525 972 2590 Latet.
997 2531 1026 2591 5.
1054 2529 1103 2591 35.
1128 2527 1260 2592 alterum
1283 2528 1345 2615 pri·

367 2688 435 2731 mus
457 2663 552 2731 edidit
575 2663 750 2753 Menagius,
774 2664 884 2731 iterum
904 2664 1051 2744 Buhlius‚
1073 2665 1180 2732 deinde
1198 2668 1238 2732 A.
1258 2665 1346 2732 Wes-

366 2810 481 2870 terman
503 2806 536 2869 in
567 2805 651 2870 viter.
681 2806 803 2893 Scriptt.
836 2830 864 2894 p.
890 2810 955 2872 398
980 2806 1015 2894 ²).
1040 2807 1098 2873 Elst
1123 2807 1195 2873 haec
1219 2808 1297 2886 vita,
1320 2808 1347 2872 si

366 2945 460 3033 ipsam
485 2950 600 3033 spectes
619 2945 793 3011 Aristotelis
816 2945 990 3024 historiam,
1013 2946 1207 3024 brevissima,
1230 2952 1260 3012 et
1280 2970 1346 3035 per·

367 3048 475 3172 pauca,
506 3106 580 3169 qnae
610 3107 645 3149 eo
668 3084 853 3171 pertineant,
877 3086 1028 3163 continet,
1051 3086 1103 3151 sed
1126 3086 1247 3173 longam
1273 3087 1346 3151 satis

367 3222 528 3297 librorum,
558 3245 633 3309 quos
657 3224 810 3312 scripserit
833 3223 1053 3313 Philosophus,
1076 3226 1345 3326 memorationem,

366 3385 442 3449 quae
465 3361 615 3429 clauditur
638 3361 685 3428 his
709 3362 861 3429 versibus:

364 3558 540 3568 ..—...—.—-

403 3692 425 3754 ¹)
442 3690 562 3747 Lucumo,
578 3704 635 3754 quas
652 3686 760 3753 supplevi
777 3687 911 3751 designatas
931 3690 986 3737 sont
1004 3686 1077 3751 signis
1095 3687 1147 3738 his:
1169 3735 1176 3755 ,
1225 3736 1231 3752 ¹
1247 3687 1348 3754 exempli

369 3824 408 3856 cc
420 3821 474 3871 pag.
504 3806 528 3853 3.
559 3804 602 3854 lin.
631 3804 664 3853 20
692 3804 779 3869 legitur
812 3803 1008 3872 ,Αριστοτέλης
1042 3808 1148 3872 φοιτᾷ
1184 3803 1348 3854 Πλάτωνι

369 3922 415 3974 ἐπ’
444 3921 556 3981 Ἐ·ὐδ,
584 3921 687 3988 dico„
712 3922 766 3971 MS.
791 3920 890 3971 habebat
909 3920 1101 3989 Ἀριστοτέλης
1123 3941 1139 3980 φ
1151 3956 1346 3969 ...........

368 4040 435 4096 otoo.
460 4042 526 4105 Quae
548 4038 620 4089 habui
647 4038 745 4103 spuria,
768 4038 849 4089 notavi
870 4038 933 4087 inter
965 4040 977 4088 l
1043 4040 1054 4093 l
1082 4038 1181 4104 exempli
1203 4056 1224 4088 c.
1248 4056 1301 4104 pag.
1323 4040 1348 4088 5.

368 4157 411 4208 lin.
429 4158 461 4207 10
482 4156 579 4225 lyrici.

403 4277 424 4341 ¹)
443 4275 511 4326 Vidr.
530 4273 643 4340 praefatio
662 4274 691 4322 A.
710 4274 857 4323 Westerman
876 4272 902 4322 in
919 4289 980 4323 nors
996 4272 1088 4323 Philos.
1108 4273 1211 4323 vitorum
1229 4273 1348 4334 editione,

368 4409 427 4458 quae
444 4392 508 4442 curis
531 4393 559 4441 O.
584 4393 614 4440 G.
639 4390 728 4453 Cobet,
752 4392 808 4440 Ant.
828 4391 976 4440 Westermsn
993 4392 1017 4439 et
1035 4391 1060 4438 J.
1079 4391 1107 4440 1⁴².
1126 4389 1273 4440 Boissonadii
1292 4406 1351 4455 pro·

373 4510 417 4559 diit
433 4508 529 4560 Parisiis
546 4507 635 4559 editore
653 4506 777 4558 Ambrosio
795 4506 887 4557 Firmin
907 4506 1069 4558 Didot1850.
