3592 5400
369 481 410 547 20
592 500 688 543 cerua
702 500 735 544 11.
758 500 801 542 nn
816 499 972 548 mannaan
987 498 1097 542 sorra.
1114 498 1267 542 raurouu.

368 655 482 714 derata
501 652 568 714 Non
580 654 685 712 mirum
697 654 723 713 si
735 654 844 712 similia
854 655 996 729 quaedam
1005 655 1039 712 P.
1048 654 1108 711 iarn
1119 653 1150 711 in
1158 649 1372 711 commentariis
1381 656 1487 706 tracta-

369 772 465 842 verat,
484 765 564 823 velut
578 784 625 840 ap.
639 766 699 823 sch.
712 765 747 823 Il.
763 767 811 824 14.
825 766 885 823 333
902 764 1105 833 Alcimachen,
1125 762 1226 838 Ajacis
1246 761 1334 820 Locri
1352 768 1488 834 matrem,

369 894 456 950 quam
474 874 561 934 Hom.
582 875 702 951 Eriopis
726 875 818 932 filiam
838 874 912 932 dixit
933 874 969 931 Il.
984 876 1032 933 13.
1047 875 1106 932 697
1120 880 1149 930 et
1163 876 1212 931 14.
1226 873 1302 941 336,
1328 871 1489 930 secundum

368 986 442 1044 ahos
457 985 579 1062 Phylaci
599 985 690 1043 filiam
704 985 797 1044 fuisse
811 977 850 1041 H.
866 983 956 1060 ἐντῷ
972 977 1138 1067 καταλόγῳ
1158 983 1290 1051 tradidit,
1315 981 1380 1040 sine
1400 981 1488 1039 dnbio

369 1097 406 1155 ad
420 1116 447 1154 ν.
460 1096 531 1155 537.
565 1097 662 1170 Atque
682 1096 725 1154 ita
744 1113 819 1169 quae
838 1097 924 1155 Eust.
937 1096 975 1153 ad
990 1096 1025 1155 Il.
1041 1097 1068 1153 1.
1083 1095 1121 1153 68
1133 1113 1163 1170 p.
1177 1093 1230 1163 51,
1244 1094 1272 1152 2.
1287 1092 1358 1151 557,
1371 1111 1401 1168 p.
1415 1091 1488 1161 285,

369 1204 426 1264 Od.
442 1209 471 1265 4.
488 1209 523 1264 11
541 1226 570 1282 p.
587 1207 668 1266 1480
692 1225 727 1264 ex
741 1206 904 1283 Porphyris
927 1205 1050 1282 profert,
1073 1223 1109 1262 ex
1123 1202 1338 1262 commentariis
1353 1202 1490 1260 videntur

369 1317 482 1374 hausta.
1214 1391 1221 1397 ἢ

432 1426 572 1485 Pluribus
587 1427 659 1486 haec
674 1426 896 1502 tractavi,‚quia
910 1426 1034 1485 multum
1048 1425 1085 1483 ad
1097 1425 1254 1501 Porphyrii
1264 1424 1404 1483 librorum
1416 1430 1489 1480 tem-

369 1556 440 1613 pora
458 1543 536 1623 recte
556 1514 750 1612 computanda
769 1535 931 1596 conterunt.
959 1536 1037 1596 Nam
1057 1536 1187 1610 reliquae
1207 1527 1244 1592 de
1262 1534 1391 1593 Homero
1412 1552 1489 1591 com-

369 1646 579 1717 mentationes,
599 1664 673 1720 quae
689 1647 750 1705 sive
765 1646 973 1724 integrae-sive
988 1664 1071 1705 secus
1086 1646 1124 1703 ad
1138 1652 1268 1704 nostram
1284 1651 1411 1702 aetatem
1424 1663 1490 1719 per·

369 1756 545 1826 manserint,
568 1763 619 1813 aut
637 1756 871 1833 philosophicum
890 1755 1103 1832 interpretandi
1124 1774 1218 1833 genus
1238 1774 1309 1830 prae
1329 1772 1361 1812 se
1381 1753 1489 1823 ierunt,

370 1850 421 1925 aiut
441 1865 673 1942 philosophicum
693 1867 781 1925 simul
801 1885 865 1924 cum
885 1865 1083 1944 grammatico.
1114 1866 1177 1924 Has
1198 1873 1294 1923 tamen
1314 1865 1379 1941 ipse
1399 1863 1490 1941 signi-
1524 1907 1529 1916 .

369 1977 438 2034 ficat
451 1983 518 2053 post
533 1977 720 2050 quaestiones
735 1995 801 2035 esse
816 1976 951 2052 scriptas.
973 1977 1078 2051 Itaque
1092 1975 1234 2034 transitus
1246 1975 1384 2052 aprima,
1402 1993 1491 2048 quam

370 2086 589 2157 constituimus,
612 2087 688 2145 vitae
704 2087 923 2160 studiorumque
937 2086 1095 2163 Porphyrii
1109 2093 1192 2162 parte
1205 2085 1244 2142 ad
1258 2085 1415 2144 secundam
1431 2103 1489 2142 non

369 2198 508 2269 Athenis,
530 2197 582 2257 sed
601 2196 719 2272 primis,
740 2214 813 2272 quos
834 2214 900 2253 cum
914 2196 1031 2256 Plotino
1050 2196 1188 2274 degebat,
1209 2195 1295 2254 annis
1311 2196 1424 2258 Romae
1444 2202 1491 2252 est

369 2307 456 2366 facta.
478 2308 513 2365 Id
528 2307 604 2381 quod
619 2326 672 2382 pcr
686 2324 719 2364 se
734 2315 780 2364 est
791 2312 1028 2365 consentaneum.
1051 2306 1188 2381 Namque
1200 2314 1337 2365 strenuus
1348 2306 1400 2363 ille
1411 2305 1490 2363 iuve-

370 2417 431 2489 nis,
451 2417 507 2492 'qui
529 2417 604 2476 sicut
624 2415 691 2475 aliis
713 2416 876 2493 praecepit,
898 2416 1026 2491 nequid
1046 2417 1187 2494 magistro
1207 2417 1374 2486 crederent,
1395 2416 1490 2491 prius-

371 2546 458 2603 quam
472 2527 530 2604 ipsi
546 2527 807 2597 examinavissent,
832 2526 876 2585 ita
890 2526 955 2604 ipse
969 2527 1081 2585 Plotini
1095 2545 1155 2585 non
1170 2528 1252 2604 prius
1267 2527 1430 2585 doctrinam
1445 2533 1491 2583 est

271 2700 276 2710 ,
368 2640 535 2717 amplexus,
557 2656 644 2714 quam
665 2657 730 2696 cum
744 2638 796 2696 illo
811 2644 841 2695 et
854 2637 969 2696 Amelio
985 2657 1034 2696 ore
1049 2644 1079 2695 et
1094 2637 1212 2715 scriptis
1232 2637 1413 2713 aliquamdiu
1432 2636 1491 2694 dis-

371 2750 512 2827 ceptavit,
533 2748 714 2826 Porphyrius
735 2748 824 2826 igitur
844 2768 903 2807 non
923 2747 949 2807 is
970 2749 1039 2819 fuit,
1060 2749 1126 2824 qui,
1147 2767 1222 2823 quae
1243 2768 1279 2806 ex
1292 2748 1422 2825 Longini
1442 2766 1491 2804 ore

371 2858 550 2929 imbibisset,
565 2858 645 2916 illico
656 2858 810 2916 fastidiens
822 2859 976 2931 abiiceret3
992 2859 1045 2917 sed
1055 2859 1123 2917 dum
1135 2860 1230 2937 magis
1241 2836 1392 2935 magisque
1403 2857 1489 2915 intel-

371 2970 468 3046 legere
482 2968 539 3027 sibi
552 2967 680 3038 videtur,
696 2968 781 3025 unice
795 2988 893 3027 veram
909 2987 974 3027 esse
985 2969 1098 3029 Plotini
1112 2969 1342 3048 philosophiam,
1358 2988 1424 3028 cum
1436 2969 1492 3026 hac

372 3087 403 3137 ut
416 3078 577 3137 Homerum
592 3085 622 3135 et
635 3085 761 3137 veterem
780 3079 902 3138 deorum
922 3081 1031 3138 cultum
1052 3080 1236 3152 conciliaret,
1259 3099 1293 3138 eo
1312 3067 1492 3155 aliquamdiu

370 3188 620 3265 interpretationis
640 3207 748 3266 genere
766 3208 837 3249 usus
859 3198 919 3262 est,
940 3198 972 3247 ut
991 3191 1046 3249 sub
1065 3190 1179 3263 verbis,
1200 3190 1380 3261 simulacris,
1402 3190 1491 3247 caeri-

371 3300 476 3359 moniis
491 3287 591 3358 nescio
606 3299 675 3374 quid
692 3299 817 3359 sublime
831 3300 925 3360 latere
940 3309 1080 3361 censeret.

434 3411 546 3470 Decem
569 3410 658 3487 libros
679 3404 860 3488 Porphyrius
887 3407 1029 3494 περὶτῆς
1050 3397 1083 3481 ἐξ
1106 3402 1242 3494 Ὀμήρου
1264 3406 1411 3492 ὠφελείας
1431 3415 1491 3468 τῶν

372 3515 518 3599 βασιλέων
541 3521 659 3598 scripsit
682 3512 782 3600 (Suid.
794 3516 941 3600 Budua),
969 3521 1132 3597 exquibus
1155 3522 1386 3582 Gildersleevius
1408 3543 1437 3598 p.
1451 3523 1487 3580 21

371 3633 512 3691 scholium
528 3634 563 3692 Il.
579 3636 605 3691 1.
620 3634 680 3691 340
692 3632 760 3703 BL,
781 3632 821 3691 Is.
833 3632 932 3692 Vossii
952 3633 1051 3691 codice
1070 3632 1210 3692 Leidensi
1232 3652 1278 3709 ap.
1291 3632 1432 3691 Valcken.
1453 3632 1491 3689 ad

370 3745 506 3801 Ammon.
521 3761 551 3800 π.
568 3726 649 3823 drap.
664 3728 775 3811 λέξεων
790 3762 819 3819 p.
834 3743 894 3803 240
911 3742 1051 3802 tributum
1065 3744 1243 3821 Porphyrio,
1263 3743 1412 3803 existimat
1426 3762 1491 3802 esse

439 3929 452 3957 ⁸
470 3928 532 3984 Sch.
549 3928 579 3982 Il.
592 3929 616 3984 3.
632 3930 694 4003 250:
714 3929 793 3999 μήτηρ
806 3927 932 3999 Πριάμου,
951 3929 985 3991 ὥς
1003 3948 1029 3999 ρ,
1042 3930 1072 3981 ll.
1091 3928 1116 3982 έν
1133 3935 1170 4000 τῷ
1182 3948 1209 3986 π.
1222 3949 1245 3985 τ.
1259 3930 1490 4002 παραλελειμμένων

372 4016 409 4085 τῷ
431 4018 519 4083 ποιητῇ
538 4009 679 4083 ὀνομάτων,
704 4014 767 4065 κατὰ
789 4012 832 4084 μὲν
850 4011 979 4083 Ἀλκμᾶνα
1000 4015 1043 4067 τον
1066 4014 1199 4085 μελοποιὸν
1221 4016 1355 4085 Ζευξίππη,
1378 4017 1442 4068 κατὰ
1465 4014 1491 4067 δὲ

372 4096 517 4149 Ἑλλάνικον
535 4098 654 4167 Στρυμὼ,
677 4095 766 4168 Στάμις
789 4098 816 4150 δὲ
832 4097 856 4150 έν
873 4103 912 4168 τῷ
929 4117 956 4155 π.
984 4099 1078 4168 Λέσβου
1097 4118 1122 4169 ρ.
1150 4099 1250 4152 Θόασαν
1267 4099 1311 4167 τὴν
1329 4102 1491 4171 Τεύκρου.-

372 4182 434 4235 314:
452 4183 531 4252 Πορφ.
545 4180 569 4233 έν
581 4186 632 4243 τοῖς
645 4183 877 4253 παραλελειμμένας
890 4203 916 4254 ρ.
934 4183 971 4236 ὅτι
986 4185 1028 4236 τὸν
1040 4183 1154 4254 Ἕκτορα
1165 4183 1326 4245 Ἀπόλλωνος
1344 4185 1395 4237 υΐον
1411 4204 1491 4255 παρα-

373 4268 471 4319 δίδωσιν
489 4264 599 4337 Ἴβυκος,
613 4267 786 4338 Ἀλέξανδρος,
798 4268 942 4339 Εὐφορίων,
954 4271 1100 4339 Λυκόφρων,
1113 4300 1147 4309 -
1163 4269 1226 4322 325:
1243 4270 1273 4321 Π.
1288 4289 1313 4339 ρ,
1332 4269 1436 4340 ἱστορεῖν
1449 4271 1490 4321 τὸν

372 4350 501 4422 γράψαντα
511 4352 542 4405 τὰ
553 4354 759 4423 τραγῳδούμενα,
773 4352 809 4405 ὅτι
822 4352 835 4405 ὁ
849 4354 938 4424 θρέψας
950 4353 993 4423 abr
1006 4352 1080 4423 Πάριν
1093 4355 1179 4424 νομεὺς
1192 4352 1326 4425 Ἀρχιάλας
1337 4354 1490 4408 ἐκαλεῖτο.-

372 4436 433 4496 Sch.
453 4437 500 4491 0d.
520 4439 544 4493 9.
565 4438 626 4490 197:
645 4436 737 4508 Μάρων
759 4436 881 4499 Ecastor,
900 4437 963 4506 υἱός,
986 4436 1000 4490 ὁ
1023 4438 1049 4491 δὲ
1071 4438 1180 4504 Εὐάνθης
1202 4439 1252 4498 υἷος
1275 4440 1408 4511 Διονύσου,
1430 4439 1489 4508 γυνὴ

372 4519 492 4590 Μάρωνος
510 4521 612 4592 Οἰδερή,
630 4520 663 4582 ὡς
682 4523 712 4578 Π,
