3592 5400
382 511 423 574 88
659 529 754 572 carur
770 531 797 573 ν.
821 529 863 570 on
879 529 1084 572 oaoeunoauu
1098 528 1219 572 uarurs.

383 689 491 743 νυῶντα
506 681 556 741 καὶ
569 688 721 768 τιμῶντα,
738 678 784 741 ότι
798 678 901 761 λαβὼν
916 676 1164 760 ἐπιβουλεύοντας
1178 678 1306 764 ᾐκίσατο
1319 676 1382 766 μὲν,
1397 701 1503 766 καρτε-

383 799 505 878 ροῦντας
521 779 554 852 δὲ
569 787 719 877 ἀγάμενος
734 792 846 876 ἀφῆκε·
868 779 983 862 Λοξίας
997 788 1048 853 καὶ
1062 785 1136 862 Ζεὺς
1150 788 1250 874 πατὴρ
1266 789 1418 870 ἀναβολὴν
1432 784 1504 874 ἐψη-

383 900 505 987 φίσαντο
529 896 659 961 Θανάτου
681 887 848 986 Φαλάριδι,
876 895 938 960 ἀνθ’
958 890 998 959 ὧν
1020 895 1135 985 ἡμέρως
1157 895 1308 984 Χαρίτωνι
1329 899 1382 960 καὶ
1402 897 1504 962 Μενα-

382 1010 482 1091 λίππῳ
497 1007 691 1097 προσηνέχθη.
714 1013 881 1072 Oenomaus
893 1013 992 1070 hausit
1003 1031 1038 1070 ex
1050 1013 1123 1070 libro
1134 1013 1250 1071 Aeliani
1263 1013 1298 1089 de
1309 1015 1503 1089 providentia,

383 1084 419 1182 oi
433 1144 490 1201 quo
507 1124 588 1185 Suid.
602 1144 626 1182 s.
643 1117 776 1201 ἀναβολή
792 1132 822 1180 ct
837 1143 861 1182 s.
877 1115 1015 1204 Φάλαρις
1030 1125 1117 1181 verba
1132 1108 1246 1192 Λοξίας
1264 1158 1301 1166 -
1318 1118 1504 1208 προσηνέχθη

383 1235 483 1305 affert,
508 1242 576 1311 post
596 1218 749 1314 Φαλάριδι
769 1234 879 1291 addens
900 1233 954 1297 ίτη
977 1216 1037 1290 δύο.
1059 1233 1176 1291 Aeliani
1196 1235 1285 1291 verba
1306 1252 1382 1308 quae
1403 1254 1505 1311 seque-

382 1346 489 1403 bantur
504 1343 585 1404 Suid.
607 1364 634 1403 s.¹
653 1338 782 1427 ἀντέρως
801 1343 966 1419 exscripsit.
997 1341 1077 1400 Idem
1092 1344 1233 1401 Aelianus
1253 1364 1315 1401 rem
1335 1345 1424 1403 ctiam
1445 1367 1503 1405 var.

382 1456 451 1513 hist.
467 1456 495 1513 2.
508 1457 527 1513 4
543 1462 651 1513 narrat.
671 1490 707 1498 -
724 1455 826 1532 Pergit
838 1456 1021 1513 Athenaeus:
1037 1446 1142 1536 ἔχρησέ
1158 1469 1192 1510 τε
1208 1449 1259 1510 καὶ
1273 1449 1344 1536 περὶ.
1353 1458 1415 1521 τῶν
1431 1453 1507 1538 ἀμφὶ

382 1558 436 1620 τόν
451 1555 612 1644 Χαρίτωνα
629 1557 744 1641 (Apollo
759 1557 911 1641 Pythius),
927 1549 1078 1646 προτάξας
1092 1566 1148 1621 τοῦ
1163 1549 1327 1646 ἑξαμέτρου
1341 1558 1379 1621 τό
1394 1560 1505 1623 πεντά-

384 1689 505 1756 μετρον,
527 1665 662 1756 καθάπερ
683 1667 805 1756 ὕστερον
825 1671 875 1731 καὶ
895 1667 1046 1742 Διονύσιος
1061 1665 1212 1742 Ἀθηναῖος
1232 1668 1384 1747 ἐποίησεν,
1405 1674 1422 1732 ὁ
1443 1675 1504 1734 ἐπι-

384 1774 502 1852 κληθεὶς
516 1774 670 1856 Χαλκοῦς,
686 1782 794 1853 ἐντοῖς
810 1780 959 1868 ἐλεγείοις.
975 1784 1038 1841 ἔστι
1055 1767 1087 1840 δὲ
1101 1777 1232 1866 χρησμός
1247 1767 1313 1840 όδε·
1345 1806 1352 1820 ·

654 1902 785 1974 Εὐδαίμων
798 1904 910 1974 Χαρίτων
923 1903 963 1954 καί
975 1901 1132 1962 Μενάλιππος
1145 1899 1201 1972 ἔφυ,

587 1995 649 2056 θείας
663 1995 780 2066 ἁγητῆρες
793 1995 930 2067 ἐφαμερίοις
944 1995 1083 2066 φιλότατος.

446 2115 526 2173 Idem
543 2116 689 2172 oraculum
705 2117 835 2174 Zonaras
851 2136 879 2191 p.
896 2105 954 2174 178
978 2123 1195 2184 commemorat,
1219 2122 1249 2173 et
1264 2113 1435 2175 Oenomaus
1457 2138 1505 2175 no-

383 2232 477 2294 verat,
502 2225 551 2299 qui
571 2244 617 2301 ap.
639 2225 749 2283 Euseb.
770 2245 813 2300 pr.
835 2244 878 2281 ev.
902 2225 940 2281 5.·
953 2226 1002 2283 35.
1025 2226 1042 2282 θ
1063 2245 1092 2300 p.
1107 2226 1165 2282 233
1180 2227 1208 2283 b.
1224 2225 1306 2303 vig:
1331 2218 1404 2296 Πῶς
1428 2212 1461 2300 δ’,
1482 2227 1506 2285 εἰ

384 2323 523 2414 Κύψελος
539 2329 651 2410 ὄλβιος,
673 2323 697 2390 ὦ
712 2318 915 2416 κακόδαιμον,
936 2332 970 2390 οὐ
985 2330 1036 2390 καὶ
1050 2327 1187 2416 Φάλαρις
1203 2328 1315 2412 ὄλβιος,
1338 2329 1506 2420 ὁμότροπος

386 2434 426 2500 ῶν
440 2432 572 2522 Κυψέλῳ
578 2464 586 2515 3
603 2437 673 2500 ὥστ’
689 2434 725 2500 άν
740 2439 856 2512 ἐκείνως
872 2435 992 2526 ἄμεινον
1008 2435 1083 2501 εἶναι
1098 2443 1166 2526 ὑμῖν

655 2562 788 2632 Εὐδαίμων
801 2561 912 2632 Φάλαρις
925 2562 966 2613 καὶ
978 2561 1136 2622 δίενίιλιππος
1149 2559 1205 2631 ἔφυ,
1219 2588 1223 2591 -

589 2655 651 2717 θείας
665 2655 783 2728 ἁγητῆρες
795 2655 819 2709 ἐν
832 2655 969 2729 ἀνθρώποις
983 2655 1114 2727 διχονοίας.
1152 2667 1156 2676 “

383 2776 503 2833 Ludens
519 2777 608 2853 igitur
622 2778 709 2834 verba
725 2776 856 2833 mutavit.

449 2888 598 2944 Athenaeo
613 2886 710 2945 minus
725 2894 859 2944 accurate
868 2886 985 2945 Aelian.
998 2906 1058 2950 var.
1076 2887 1146 2944 hist.
1163 2888 1191 2945 θ.
1209 2889 1243 2945 4ι
1267 2880 1403 2958 Τούτους
1420 2883 1506 2967 (Cha-

384 2996 508 3052 ritonem
532 3004 560 3052 et
582 2987 798 3072 Menalippum)
825 2988 946 3077 ὕστερον
968 2995 987 3061 ἡ
1008 2989 1110 3054 Πυθία
1135 2992 1186 3054 καὶ
1206 2992 1262 3063 τδν
1285 2994 1385 3080 φιλίαν
1408 2998 1507 3058 αὐτῶν

386 3097 497 3187 θμνηοε
514 3088 563 3161 διοὶ
577 3098 695 3162 τούτων
709 3109 770 3163 τῶν
785 3103 877 3163 ἐπῶν·

590 3225 652 3285 θείας
664 3223 784 3296 ἡγητῆρες
796 3219 926 3296 ἓφημερίας
940 3225 1085 3295 φιλότητος,
1135 3210 1139 3214 ⁴

656 3319 779 3389 εὐδαίμων
791 3319 903 3397 Χαρίτων
916 3319 956 3370 καί
969 3317 1128 3379 Μενάλιππος
1140 3317 1193 3389 ἔφυ.

376 3437 442 3528 Ι,Ηίο
458 3444 488 3495 ct
502 3438 659 3496 dorismum
675 3439 783 3496 amovit
798 3445 827 3495 et
842 3438 1022 3495 usitatiorem
1037 3458 1173 3497 versuum
1189 3440 1319 3498 ordinem
1335 3442 1442 3501 intulit.

450 3546 508 3607 Sed
524 3549 620 3625 ipsum
637 3549 710 3607 illud
725 3549 869 3607 distichon
885 3548 1031 3607 inversum
1043 3550 1167 3607 maxime
1179 3551 1298 3611 dubium
1310 3560 1365 3609 est.
1389 3555 1436 3611 Ex
1451 3573 1508 3628 quo

385 3659 463 3717 enim
483 3666 599 3718 auctore
615 3661 782 3718 Athenaeus
805 3659 917 3730 hausit,
940 3660 966 3717 is
989 3661 1098 3718 piaculi
1120 3660 1276 3718 frustulum
1298 3664 1454 3735 attulerat3
1477 3666 1507 3721 in

383 3769 448 3844 ipso
464 3770 580 3828 oraculo
600 3771 670 3828 olim
690 3771 858 3827 hexameter
875 3777 1089 3846 pentametrum
1108 3773 1281 3846 praecedere
1295 3773 1399 3847 potuit.
1431 3775 1507 3832 Tum

384 3878 482 3936 dorica
502 3879 644 3938 dialectos
672 3879 808 3949 offendit,
834 3880 978 3955 siquidem
997 3881 1106 3956 Pythia
1124 3881 1281 3941 Homerico
1305 3881 1367 3941 fere
1391 3883 1507 3943 dicendi

383 4006 490 4065 genere
512 4006 603 4062 eoque
627 3990 665 4047 ad
687 3989 852 4047 communis·
869 3991 986 4068 linguae
1008 3991 1228 4050 similitudinem
1253 3993 1346 4071 magis
1367 3995 1509 4054 transfor·

384 4104 462 4155 mato
482 4099 627 4158 utebatur.
661 4099 764 4173 Itaque
789 4099 915 4175 primum
940 4101 1144 4177 inquirendum
1170 4110 1231 4173 est,
1258 4121 1314 4177 quo
1336 4075 1508 4164 Athenaeus

385 4208 496 4266 nitatur
511 4216 636 4266 auctore.
666 4210 712 4266 lta
727 4216 823 4266 autem
838 4211 1007 4270 Athenaeus
1021 4212 1139 4288 incipit:
1160 4204 1328 4296 Ἱερώνυμος
1346 4197 1379 4271 δὲ
1393 4213 1411 4271 ὁ
1427 4233 1509 4298 περι-

384 4314 551 4389 πατητικός
565 4302 839 4401 περισπουδάστους
854 4316 924 4402 φησὶ
939 4314 1076 4398 γενέσθαι
1090 4317 1160 4392 τοὺς
1173 4326 1235 4380 τῶν
1249 4307 1366 4381 παίδων
1386 4324 1508 4407 ἔρωτας,

385 4422 432 4485 ότι
447 4422 593 4499 πολλάκις
607 4427 626 4494 ἠ’
641 4433 702 4487 τῶν
718 4423 790 4486 νέων
807 4424 888 4512 ἀκμὴ
905 4426 956 4487 καὶ
969 4426 1006 4489 τό
1021 4427 1093 4514 πρὸς
1108 4428 1258 4502 ἀλλήλους
1273 4429 1423 4515 ἑταιρικὸν
1434 4454 1510 4518 συμ·

387 4542 549 4620 φρονῆσαν,
569 4534 685 4610 πολλάς
704 4524 876 4625 τυραννίδας
891 4533 1016 4601 καθεῖλε
1031 4586 1054 4601 ..
1074 4532 1178 4628 Ἔρχῳ
1193 4547 1265 4628 γοῦν
1284 4547 1378 4622 τοῦτο
1397 4530 1510 4616 ἔδειξεν
