3592 5400
489 641 529 702 44
920 660 1029 705 noras.

486 853 507 931 ἤ
529 847 683 929 πλοῦτον,
709 855 730 933 ἤ
752 855 848 933 τιμὴν
874 877 904 914 ιι.
930 877 960 915 τ.
986 855 1011 915 ἑ.
1036 851 1138 919 Ethic.
1162 853 1267 942 Magn.
1290 856 1316 921 I.
1341 858 1369 921 3.
1392 859 1457 921 τῶν

487 988 627 1068 ἀγαθῶν
655 989 749 1078 (ἐστι)
774 993 813 1055 τὰ
836 993 896 1074 μὲν
922 993 956 1056 ἐν
982 1000 1023 1076 τῇ
1046 1001 1149 1078 ψυχῇ,
1176 987 1246 1059 οἷον
1272 995 1308 1058 αἱ
1329 994 1458 1080 αἱρεταὶ,

487 1131 527 1192 τὰ
553 1127 586 1192 δὲ
611 1130 646 1195 ἐν
667 1137 712 1212 τῷ
733 1132 869 1212 σώματι,
893 1125 963 1195 οἷον
982 1132 1107 1210 ὑγίεια,
1130 1131 1264 1212 κάλλος,
1286 1135 1327 1197 τὰ
1352 1132 1381 1197 d’
1402 1132 1457 1197 ἐκ·

486 1270 555 1345 τὸς,
587 1265 745 1347 πλοῦτος,
778 1268 877 1355 ἀρχὴ,
912 1274 986 1352 τιμὴ
1011 1308 1055 1319 -
1078 1275 1201 1336 τούτων
1233 1269 1268 1336 δὲ
1293 1274 1334 1335 τὰ
1358 1273 1393 1338 ἐν
1417 1280 1458 1356 τῇ

486 1413 579 1492 ψυχῇ
601 1405 768 1494 βέλτιστα.

529 1685 601 1774 Pag.
626 1691 654 1751 8.
677 1685 745 1753 Lin.
769 1692 798 1753 λ.
821 1690 880 1768 τὴν
906 1685 1057 1770 πέμπτην
1082 1686 1208 1753 οὐσίαν.
1234 1688 1294 1754 cfr.
1317 1689 1339 1754 J
1361 1689 1458 1760 Bruc-

485 1826 548 1892 keri
568 1827 669 1892 Instit.
691 1825 761 1892 hist.
781 1825 887 1914 philos.
908 1827 956 1893 De
974 1826 1080 1914 philos.
1093 1827 1196 1893 Graec.
1209 1827 1276 1907 Lib,
1288 1829 1332 1894 II.
1344 1828 1416 1916 Cap.
1430 1832 1458 1896 7.

487 1969 557 2030 sect.
590 1969 618 2029 1.
650 1966 667 2049 p
701 1968 752 2030 10.
782 1964 935 2052 Intelligit
964 1969 1066 2030 noster
1097 1964 1314 2051 ἐντελέχειαν,
1340 1966 1377 2033 de
1398 1990 1458 2053 qua

486 2103 574 2168 Tusc.
598 2102 720 2175 Quaest.
743 2101 809 2168 Lib.
828 2104 854 2169 I.
873 2102 907 2168 O.
928 2107 969 2170 10
990 2102 1062 2169 haec
1081 2108 1152 2169 sunt
1171 2103 1339 2170 Ciceronis:
1364 2106 1459 2183 „Ari-

486 2241 607 2307 stoteles
630 2241 720 2329 longe
741 2241 895 2320 omnibus,
914 2241 1079 2329 (Platonem
1100 2265 1213 2330 semper
1233 2243 1361 2332 excipio)
1375 2267 1458 2331 prae·

485 2386 568 2447 stans
591 2387 622 2446 et
645 2381 779 2468 ingenio,
799 2386 828 2447 et
849 2381 1018 2470 diligentia,
1041 2404 1108 2448 cum
1128 2388 1256 2468 quatuor
1275 2382 1328 2448 illa
1349 2406 1458 2471 genera

484 2519 696 2607 principiorum
728 2525 806 2586 esset
836 2521 1025 2608 complexus,
1055 2520 1202 2607 equibus
1225 2523 1324 2587 omnia
1345 2523 1456 2588 oriren-

483 2664 544 2739 tur,
575 2661 714 2747 quintam
737 2660 886 2747 quandam
908 2665 1044 2728 naturam
1069 2665 1169 2728 censet
1193 2683 1271 2739 esse,
1296 2684 1393 2748 equa
1416 2663 1458 2729 sit

484 2823 575 2866 mens.
594 2798 735 2887 Cogitate
754 2801 849 2880 enim,
867 2806 897 2868 et
916 2801 1086 2889 providere,
1105 2806 1135 2867 et
1156 2801 1269 2867 discere
1287 2807 1317 2867 et
1336 2801 1457 2882 docere,

484 2945 514 3006 et
531 2940 666 3005 iuvenire
686 2940 817 3025 aliquid,
836 2944 945 3007 ettam
964 2939 1059 3006 multa
1070 2939 1128 3005 alia
1148 2940 1332 3017 meminisse,
1344 2964 1456 3020 amare,

483 3079 597 3158 odisse,
624 3101 745 3166 cupere,
776 3079 895 3157 timere,
926 3080 1012 3165 augi,
1043 3079 1160 3145 laetari:
1191 3079 1263 3145 haec
1294 3085 1323 3145 et
1345 3077 1456 3148 similia

483 3240 600 3297 eorum,
622 3218 655 3282 iu
677 3217 784 3283 horum
808 3223 937 3303 quatuor
966 3239 1108 3305 generum
1130 3218 1215 3284 nullo
1237 3219 1334 3284 inesse
1362 3225 1457 3307 putat.

484 3357 632 3430 Quintum
660 3379 757 3444 genos
788 3356 922 3434 adhibet,
950 3378 1057 3423 vacans
1080 3358 1213 3423 nomine:
1237 3362 1266 3423 et
1289 3358 1334 3423 sic
1357 3358 1456 3446 ipsum

483 3496 633 3572 animum,
654 3492 857 3581 ἐντελέχειαν
879 3495 1006 3583 appellat
1026 3518 1104 3561 novo
1116 3496 1250 3575 nomine,
1263 3497 1348 3583 quasi
1360 3521 1455 3585 quan·

478 3635 551 3712 ,dam
574 3636 779 3701 continuatam
804 3635 981 3712 motionem,
1000 3639 1030 3701 et
1049 3643 1232 3723 perennem.“
1250 3637 1299 3702 De
1317 3637 1384 3725 ipso
1402 3660 1455 3703 vo-

483 3773 590 3840 cabulo
621 3770 804 3860 ἐντελέχεια
836 3773 922 3840 Vidr.
953 3773 1055 3840 index·
1073 3774 1330 3841 Graeco-Latinus
1351 3776 1384 3841 in
1406 3776 1456 3843 Jo.

482 3914 615 4001 Augusti
639 3909 758 3980 Ernesti
782 3914 858 3980 clavi
882 3884 1088 3980 (licereniana.

527 4190 606 4256 Ibid.
637 4191 706 4255 Irin.
735 4193 785 4257 10.
810 4191 844 4255 ἐν
869 4192 930 4275 γὰρ
954 4195 998 4274 τῷ
1023 4189 1159 4274 πέμπτῳ
1184 4199 1239 4273 τῆς
1262 4189 1454 4275 φυσιολοχι-

483 4337 539 4412 κῆς
571 4356 601 4393 ν.
635 4355 664 4393 τ.
698 4333 724 4392 ἑ.
757 4328 818 4395 Clr.
848 4329 974 4395 Aristot.
1004 4328 1095 4414 Phys.
1123 4331 1245 4395 Acroas.
1268 4330 1307 4394 V.
1333 4335 1361 4395 1.
1385 4330 1452 4395 ἐστι

483 4468 517 4533 δὲ
543 4468 584 4558 δή
606 4494 637 4532 τι
660 4469 677 4531 ὃ
702 4470 774 4533 οὔτε
800 4471 883 4532 κατὰ
908 4469 1108 4554 συμβεβηκὸς
1137 4474 1277 4534 κινεῖται
1305 4470 1377 4535 οὔτε
1408 4476 1452 4555 τῷ
