3592 5400
402 501 465 562 200
810 516 1053 561 ιυυιικιιιοινιιιι
1074 517 1105 557 ιι.

403 668 497 732 κακὸν
512 667 605 730 ποτὸν
621 666 719 753 αύριον
735 671 823 744 οἰσῶ,
844 671 894 730 ubi
909 670 1014 729 schol:
1037 664 1093 734 τήν
1108 672 1211 736 κοινῶς
1225 663 1394 752 λεγομένην
1407 668 1523 750 χλωρο-

403 777 513 866 σαύραν
529 826 553 839 ..
569 778 632 840 ἐστὶ
648 766 681 839 δὲ
696 776 773 846 αύτη
790 766 945 864 δυσχερής,
960 775 1025 849 ἥτις
1039 771 1263 837 ἀποκτανθεῖσα
1277 775 1329 836 καὶ
1344 765 1523 862 ξηρανθεῖσαι

404 890 454 952 καὶ
469 889 653 976 συντριβεῖσα
668 889 719 950 σὺν
735 888 851 974 ἀλφίτῳ
868 875 998 949 δίδοται.
1019 883 1204 972 μεμύθευται
1218 895 1305 974 γοῦν,
1328 889 1369 959 ὡς
1390 886 1442 947 καὶ
1455 884 1522 948 τού-

403 1024 464 1062 των
477 1008 538 1063 τῶν
555 999 682 1086 φίλτρων
697 999 775 1062 ἐστὶν
791 995 828 1059 ἕν.
855 1003 934 1061 Ρίίιι.
951 1022 980 1060 ιι.
996 1002 1024 1059 h.
1043 1003 1098 1071 30,
1117 1002 1170 1071 15,
1186 1003 1241 1060 49:
1262 1001 1406 1060 Lacertae
1429 1003 1524 1079 „inter

403 1100 626 1175 amatoriaesse
641 1114 720 1191 Magi
737 1108 866 1171 dicunt.“

468 1225 630 1285 sedetiam
650 1226 687 1282 ad
702 1225 796 1300 ipsam
811 1225 1018 1282 divinationem
1037 1231 1067 1280 et
1086 1230 1151 1280 tura
1171 1231 1200 1280 et
1219 1224 1347 1281 lacertae
1365 1225 1521 1301 pertinent.

403 1337 483 1396 Nota
493 1345 540 1394 est
549 1331 794 1418 λιβανομαντείατ
806 1335 883 1412 ignis
897 1335 922 1393 si
934 1342 999 1391 tura
1009 1335 1126 1392 admota
1137 1310 1307 1409 combussit,
1320 1334 1453 1394 faustum
1464 1344 1522 1393 erat

404 1447 569 1523 augurium,
586 1447 631 1503 sin
643 1446 758 1520 reiecit,
771 1446 937 1504 infaustum.
962 1443 1187 1502 Consideremus
1199 1446 1257 1501 iam
1268 1445 1405 1504 lacertas,
1430 1447 1522 1523 Hesy-

405 1557 501 1613 chius:
523 1549 647 1628 Γαλεοί,
669 1548 800 1636 μάντεις.
823 1544 905 1613 οὗτοι
925 1549 1006 1612 κατὰ
1025 1550 1081 1620 τὴν
1101 1548 1240 1611 Σικελίαν
1260 1553 1391 1631 ᾤκησαν.
1423 1556 1520 1633 Steph.

404 1667 492 1741 Byz.:
514 1659 674 1722 Γαλεῶται
689 1708 714 1722 ..
730 1659 804 1734 τινὲς
826 1650 859 1723 δὲ
879 1660 926 1722 ὅτι
946 1659 1106 1722 Γαλεῶται
1126 1658 1264 1747 μίιντεων
1284 1649 1362 1734 εἶδος
1382 1659 1522 1725 Σικελῶν.

405 1770 514 1859 γαλεὸς
531 1759 563 1832 δὲ
583 1771 664 1833 καὶὸ
688 1770 916 1854 ἀσκαλαβώτης.
945 1775 1055 1834 Narrat
1068 1776 1229 1854 ¹(ialeotam
1243 1776 1470 1852 Hyperboreum
1489 1780 1523 1835 ab

404 1888 472 1944 Iove
483 1887 642 1946 Dodonaeo
653 1889 765 1946 iussum
777 1908 856 1945 aram
869 1887 1033 1945 condidisse
1044 1887 1075 1944 in
1087 1886 1203 1957 Sicilia,
1220 1888 1290 1944 item
1301 1894 1333 1944 ut
1346 1888 1524 1946 Telmissnm

405 1997 534 2073 Apollini
553 1998 584 2054 in
601 1996 697 2056 Caria.
734 1999 780 2056 Ab
800 1999 866 2055 aliis
889 1998 1013 2058 Galenm
1033 1998 1091 2055 dici
1110 1996 1258 2073 Apollinis
1277 1998 1373 2055 filium
1392 2019 1430 2056 ex
1450 2001 1524 2058 The-

405 2109 529 2167 mistone
535 2151 544 2178 ,
563 2109 647 2166 Zabii
657 2109 913 2185 llyperboreorum
930 2109 1007 2186 regis
1019 2108 1089 2167 filia.
1113 2109 1159 2166 Ad
1171 2108 1319 2183 Apollinis
1331 2109 1443 2168 cultum
1455 2112 1524 2169 divi·

405 2221 609 2293 nationemque
621 2221 692 2277 haec
704 2220 850 2295 pertinere
861 2228 957 2293 patet,
973 2238 1061 2294 quum
1077 2227 1105 2276 et
1117 2219 1269 2277 Themisto
1281 2218 1433 2295 Apollinis
1446 2230 1524 2281 vates

342 2310 351 2330 s
405 2331 492 2387 fuerit
507 2338 536 2386 et
551 2328 767 2387 Telmissenses
782 2329 963 2386 divinatione
978 2330 1128 2387 floruerint
1143 2323 1190 2407 (cf.
1205 2349 1295 2405 supra
1309 2350 1338 2406 p.
1354 2332 1393 2389 (50
1410 2341 1471 2392 not.
1486 2326 1526 2410 2)

405 2441 508 2498 Potest
524 2441 570 2497 vel
585 2459 688 2496 nomen
704 2440 777 2497 illud
793 2439 999 2497 divinationem
1015 2441 1196 2516 significare,
1213 2441 1238 2500 si
1253 2442 1393 2500 aPoenis
1409 2444 1523 2501 ductum

406 2558 465 2620 est,
483 2549 601 2610 Siciliae
615 2570 668 2627 per
682 2550 863 2625 aliquantum
878 2550 1018 2627 temporis
1033 2551 1094 2608 lere
1109 2551 1234 2609 dominis
1240 2573 1248 2623 3
1267 2552 1415 2611 Hebraico
1431 2561 1523 2612 autem

404 2662 492 2739 galah
508 2670 553 2721 est
567 2663 587 2719 i.
601 2679 628 2737 q.
645 2663 782 2721 revelare.
807 2660 934 2722 Gentem
946 2660 1074 2735 aliquam
1086 2660 1205 2721 Siciliae
1215 2663 1259 2720 ita
1269 2664 1451 2724 nominatam
1463 2685 1524 2725 osse

407 2781 529 2831 constat.
545 2774 689 2847 Hesych:
710 2766 820 2829 Γαλεοί
834 2816 840 2828 .
856 2814 862 2829 .
878 2765 962 2856 γένος
975 2790 1018 2844 τι,
1040 2768 1079 2841 ὥς
1102 2789 1172 2855 φησι
1186 2757 1372 2857 ψανύδημος
1387 2773 1440 2833 καὶ
1455 2768 1524 2834 'Plr-

408 2872 465 2937 θων
481 2874 670 2963 Ταραντῖνος.
693 2883 761 2940 Fuit
775 2902 847 2960 gens
864 2883 1069 2953 sacerdotalis,
1091 2903 1165 2957 qnae
1180 2885 1211 2940 in
1226 2884 1326 2959 Hybla
1340 2906 1434 2961 parva
1447 2890 1523 2947 habi-

407 2992 497 3048 tabat.
520 2990 586 3048 Hoc
598 2989 699 3066 Steph.
712 2993 784 3067 Byz.
801 2982 1159 3069 s.‘'1p1a-dom0nstrat:
1176 2996 1258 3053 cuius
1274 2996 1452 3070 epitomator
1465 3001 1523 3075 qui·

407 3100 472 3157 dem
487 3108 568 3158 vates
587 3100 654 3158 illos
675 3120 739 3158 cnm
760 3103 858 3178 oppidi
879 3103 983 3161 incolis
1003 3105 1085 3161 nulla
1105 3124 1137 3162 re
1158 3106 1258 3185 addita
1278 3103 1439 3167 coniunxit.
1462 3111 1523 3168 Huc

407 3230 457 3269 vas
474 3209 628 3269 (landelori
643 3211 795 3270 Vuleinum
816 3214 994 3290 descriptum
1014 3234 1033 3271 a
1046 3214 1180 3273 Panolka
1199 3216 1301 3274 Musee
1315 3218 1424 3279 Blacas
1444 3242 1473 3298 p.
1487 3222 1521 3280 22

406 3323 547 3398 pertinet,
571 3323 620 3380 nbi
642 3324 726 3381 homo
750 3325 902 3395 barbatus,
931 3333 1076 3401 sceptrum
1103 3327 1282 3385 sacerdotale
1307 3348 1397 3387 manu
1423 3340 1521 3390 tenens

406 3434 545 3491 lacertam
559 3434 659 3492 sedulo
675 3435 817 3493 observat.
842 3435 997 3494 Galeotam
1011 3444 1105 3493 vatem
1122 3437 1278 3513 significari
1292 3440 1382 3498 etiam
1395 3444 1522 3518 Welcker

407 3544 443 3600 de
454 3545 555 3601 Museo
567 3544 661 3601 Bonn.
675 3546 719 3602 od.
734 3546 751 3603 2
768 3566 794 3603 a.
811 3548 889 3604 1841
906 3567 935 3621 p.
950 3548 987 3604 21
1003 3554 1111 3606 censet.
1134 3548 1217 3605 Idem
1227 3549 1298 3606 ibid.
1311 3551 1356 3608 ed.
1374 3555 1388 3609 1
1402 3572 1431 3610 a.
1447 3554 1519 3613 1827

407 3673 435 3729 p.
455 3655 493 3711 76
514 3655 570 3711 huc
590 3662 716 3713 statuam
729 3656 826 3712 trahit
846 3654 1003 3732 Olympiae
1028 3664 1154 3715 erectam
1174 3659 1361 3735 Thrasybulo
1385 3663 1518 3729 Iamidae‚

406 3765 489 3821 Arati
512 3765 641 3838 aequali,
664 3785 711 3841 ap.
734 3767 823 3824 Paus.
849 3768 881 3835 6,
900 3768 932 3836 2,
950 3768 983 3824 2ε
1006 3771 1060 3823 τοῦ
1084 3760 1301 3850 Θρασυβούλου
1325 3754 1360 3828 δὲ
1381 3777 1422 3850 τῇ
1438 3768 1519 3831 εἰκόνι

407 3866 563 3955 γαλεώτης
578 3868 649 3954 πρὸς
662 3868 715 3931 τὸν
728 3863 808 3957 ὦμον
819 3870 992 3959 προσέρπων
1003 3873 1066 3933 ἐστὶ
1076 3872 1129 3934 τὸν
1142 3861 1252 3951 δεξιόν,
1267 3874 1318 3937 καὶ
1332 3873 1412 3939 κύων
1425 3882 1520 3966 ἱερεῖον

409 3965 445 4046 δὴ
466 3975 532 4063 παρ’
549 3979 632 4058 αύτῷ
657 3988 756 4040 κεῖται
779 3969 1014 4069 διατετμημένος
1033 4004 1067 4044 τε
1089 3972 1158 4069 δίχα
1178 3985 1228 4046 καὶ
1249 3985 1361 4071 ραίνων
1380 3987 1418 4049 τὸ
1439 3982 1518 4073 ἧπαρ.

407 4091 523 4168 Hyblae
538 4093 685 4150 oraculum
699 4095 845 4169 Apollinis
866 4104 943 4168 erat3
964 4098 1161 4175 prodigiorum
1180 4099 1384 4176 interpretatio
1406 4110 1436 4161 et
1455 4102 1519 4161 diri·

407 4204 487 4261 natio
504 4221 539 4259 ex
554 4202 627 4260 extis
643 4204 766 4277 repetita
780 4206 905 4264 maxime
916 4208 957 4266 ibi
968 4209 1091 4267 florebat
1106 4203 1223 4287 (Athen.
1238 4211 1271 4281 5,
1285 4212 1345 4269 672
1359 4231 1390 4284 e;
1405 4214 1518 4273 Philist.

407 4334 454 4389 ap.
470 4316 559 4372 Paus.
577 4315 610 4383 5,
629 4314 682 4383 23,
700 4315 733 4383 53
750 4315 889 4397 Aehanns
905 4337 952 4392 ap.
969 4315 1050 4376 Suid.
1068 4314 1240 4402 ἀκέσματα,
1260 4339 1285 4379 s.
1301 4322 1400 4398 potius
1415 4342 1439 4382 s.
1456 4314 1519 4379 ἀκέ-

409 4416 529 4497 σασύαι,
545 4444 601 4501 quo
616 4425 768 4493 Bekkerns
784 4426 882 4483 trahit.
904 4427 1033 4502 Hesych.
1051 4420 1212 4506 Ὑβλήτης,
1228 4423 1354 4514 μάντις).
1381 4432 1447 4491 Hoc
1462 4451 1517 4490 ora-

409 4534 504 4591 culum
530 4553 594 4620 cum
620 4534 758 4607 Caribus,
784 4536 958 4614 praesertim
979 4538 1228 4601 Telmissensibus
1253 4548 1333 4600 arcte
1357 4541 1517 4602 cohaesisse
