3592 5400
420 628 462 689 24
852 644 962 689 eoru

418 848 576 904 curandae
609 840 696 905 urie
729 841 802 905 riris
832 839 922 913 bene,
951 838 1025 926 quid
1057 840 1099 905 rei
1139 837 1291 915 subet,
1324 836 1394 903 suh

417 980 543 1055 eluerit,
569 1004 705 1067 quosque
735 982 842 1047 merito
872 981 972 1047 dicre:
1004 980 1154 1046 llmuncto
1175 979 1306 1045 latratos
1328 1001 1394 1044 me

416 1122 540 1187 Simone
560 1121 718 1188 talentum

462 1436 541 1503 Ibid.
563 1436 633 1503 Irim
657 1440 709 1503 16.
732 1438 771 1502 lu
793 1436 862 1502 llS.
883 1438 928 1510 εἰς
946 1436 1185 1519 μεγαὶορῃοι.
1201 1484 1209 1498 .
1226 1483 1235 1497 .
1250 1484 1259 1497 .
1275 1482 1284 1496 .
1298 1460 1390 1499 ποτε.

462 1751 539 1819 Ibid.
561 1752 631 1817 Lim
655 1756 705 1817 18.
728 1753 768 1816 ln
790 1751 858 1816 llS.
880 1754 964 1817 ἑτῶν
988 1751 1022 1816 δε
1047 1776 1219 1833 wopam
1233 1798 1389 1813 .......

418 1895 473 1954 καὶ
497 1890 577 1954 δέκα
600 1890 663 1956 Cir.
685 1891 771 1957 ἵετε.
794 1891 833 1957 l.
854 1891 891 1955 L

459 2204 537 2271 Ibid.
568 2205 639 2270 Lin.
670 2209 722 2270 19.
753 2210 819 2268 Tor'·
843 2211 961 2269 necor
986 2212 1062 2272 θεοῦ
1095 2227 1284 2290 poenarum·-
1304 2204 1392 2270 Aris-

414 2344 522 2410 toteles
555 2344 767 2432 septemdecim
797 2367 892 2410 annos
924 2352 1013 2410 natus
1043 2344 1179 2412 Athenas
1211 2341 1301 2421 abiit,
1330 2365 1391 2428 quo

415 2484 504 2549 multi
526 2485 651 2570 ingenui
673 2484 809 2550 liberales
831 2486 875 2549 ire
897 2483 1048 2560 solebant,
1076 2490 1110 2548 ut
1133 2481 1389 2548 celeberrimorum

414 2621 659 2710 philosophorum
682 2622 801 2688 scholas
823 2624 1052 2710 frequentarent
1075 2623 1189 2688 Noster
1206 2627 1237 2687 et
1255 2620 1389 2686 Pseudo·

414 2763 594 2827 Ammonius
611 2763 736 2828 tradunt
755 2787 821 2829 cum
841 2764 965 2829 oraculo
984 2762 1132 2850 Delphico
1147 2760 1286 2827 consulto
1297 2760 1390 2826 Athe-

413 2923 467 2965 nas
505 2901 670 2986 profectum
709 2924 773 2966 esse
811 2908 842 2966 et
875 2902 1028 2967 Socratem
1062 2924 1115 2988 per
1147 2900 1261 2986 aliquot
1295 2921 1390 2964 anuos

412 3039 570 3105 audivisse.
602 3038 741 3105 Fabulae.
772 3041 910 3106 Socrates
932 3047 1070 3106 mortuus
1092 3047 1138 3105 est
1160 3062 1185 3104 a.
1209 3042 1273 3104 399
1295 3062 1320 3104 a
1345 3038 1389 3117 0,

412 3176 590 3244 Aristoteles
621 3184 710 3244 natus
742 3182 808 3244 384
837 3204 862 3245 a
892 3180 928 3244 C.
961 3179 1126 3267 Diotrephe
1147 3178 1298 3244 archonte
1321 3179 1389 3243 Nec

412 3319 551 3404 majorem
581 3318 671 3383 fidem
694 3324 855 3395 merentur,
883 3342 972 3404 quae,
998 3317 1035 3383 ab
1056 3319 1188 3383 inimicis
1210 3317 1387 3404 Philosophi

411 3457 496 3533 ficte,
526 3458 715 3534 Athenaeus,
745 3458 890 3523 Aelianus
917 3465 948 3522 et
977 3456 1126 3523 Eusebius
1157 3464 1295 3533 narrant,
1317 3457 1389 3522 Ari·

411 3595 563 3674 stotelem,
583 3595 745 3683 dilapidato
767 3597 962 3684 patrimonio,
985 3596 1094 3662 abiisse
1113 3596 1290 3671 militatum,
1312 3598 1388 3683 (quo

411 3757 471 3800 non
503 3734 634 3824 addunt)
665 3736 784 3801 tandem
814 3737 905 3821 hujus
928 3738 1006 3801 vitoe
1028 3737 1146 3822 generis
1169 3741 1334 3823 pertaesum
1357 3740 1388 3799 et

412 3874 448 3938 arl
472 3876 617 3940 saniorem
640 3882 769 3941 mentem
794 3877 965 3942 redeuntem
986 3877 1122 3943 Athenas
1144 3877 1247 3953 ivisse,
1270 3882 1306 3942 ut
1322 3875 1386 3963 phi·

411 4013 563 4101 losophiac
585 4014 694 4081 studiis
718 4038 836 4103 operam
859 4017 951 4083 daret.

455 4315 534 4382 lbid.
557 4315 624 4383 Irin.
646 4321 696 4383 20.
720 4318 757 4381 In
778 4318 843 4383 MS.
863 4318 975 4406 legitur
995 4328 1073 4405 παρ’
1094 4320 1266 4405 Ἀθήνῃσι
1287 4329 1386 4405 φοιτᾷ

410 4455 491 4542 quod
522 4457 612 4524 tlurrit
640 4480 677 4523 ex
708 4458 783 4524 male
806 4458 958 4526 intellecto
984 4430 1016 4524 ll
1038 4459 1069 4524 id
1098 4466 1143 4526 est
1166 4460 1384 4545 Ἀθηναίοις.
