3592 5400
395 513 435 577 10
745 533 842 575 carun
857 535 877 575 1.
900 534 971 575 vrrn
984 534 1156 580 nonnarum

393 686 548 747 Claudium
563 685 697 746 Cassium
712 686 879 764 Longinum
895 697 1065 765 prosecutus
1086 696 1145 759 cst,
1167 690 1312 747 rhetorem
1332 697 1361 747 et
1381 690 1510 766 philoso-

391 800 495 874 phum,
514 798 661 857 Ammonii
682 796 888 875 Saccaeapud
909 799 1121 859 Alexandrinos
1142 800 1333 876 discipulum,
1360 798 1509 877 Origenis,

391 909 537 968 Platonici
545 909 747 980 Alexandrini,
760 917 810 967 aut
821 908 996 985 discipulum
1007 918 1058 969 aut
1070 906 1226 972 sodalem.¹
1238 911 1366 988 Longini
1377 910 1510 969 doctrina

392 1086 465 1149 αὐτός
544 1083 607 1152 Quis
625 1088 715 1153 fuerit,
733 1089 876 1154 nescimus;
894 1090 1002 1142 Athenis
1020 1096 1108 1143 tamen
1126 1099 1186 1142 eum
1200 1091 1319 1143 docuisse
1330 1091 1392 1143 inde
1405 1091 1508 1159 colligo,

391 1176 461 1245 qnod
478 1175 515 1227 ibi
531 1174 690 1244 Porphyrius
709 1176 878 1244 scriptoribus
896 1176 1096 1244 interpretandis
1114 1176 1230 1230 vacabat.

392 1296 394 1301 -
459 1262 468 1297 1
500 1260 652 1313 Communis
676 1265 715 1312 est
738 1260 837 1330 opinio,
865 1260 1051 1330 Porphyrium,
1080 1266 1222 1330 antequam
1243 1260 1359 1313 Athenas
1382 1262 1508 1330 petiisset,

389 1345 562 1399 Alexandriae
583 1345 753 1398 Ammonium
777 1345 885 1398 Sacoam
909 1351 935 1398 et
953 1345 1092 1415 Origenem
1115 1346 1278 1399 Platonicum
1299 1347 1440 1399 audivisse.
1474 1348 1509 1400 At

390 1432 508 1500 quamvis
526 1430 690 1498 Longinum,
712 1429 856 1494 Plotinum,
881 1430 1021 1499 Origenem
1038 1431 1172 1484 Ammonii
1189 1432 1330 1501 discipulos
1347 1432 1429 1484 fuisse
1447 1449 1507 1484 con-

389 1522 453 1580 stet,
476 1514 647 1585 Porphyrius,
671 1516 716 1583 qui
738 1516 891 1585 saepissime
915 1520 941 1568 et
953 1516 1108 1585 *Longinum
1132 1521 1157 1568 et
1172 1515 1305 1568 Plotinum
1327 1523 1507 1586 praeceptores

389 1618 452 1654 suos
469 1601 550 1653 fuisse
567 1601 712 1671 praedicat,
730 1601 900 1653 Ammonium
913 1599 1085 1669 Origenemve
1103 1617 1119 1652 a
1136 1617 1164 1652 se
1183 1601 1285 1654 auditos
1303 1618 1360 1653 esse
1376 1619 1508 1671 nusquam

389 1691 587 1751 commemorat,
606 1702 690 1755 neque
703 1685 831 1738 Eusebius
849 1685 1040 1754 autllunapius
1059 1691 1105 1738 aut
1119 1685 1212 1738 Suidas
1230 1685 1280 1738 hoc
1297 1688 1438 1739 memoriae
1456 1693 1511 1742 tra·.

389 1771 465 1836 dunt,
488 1787 573 1839 neque
590 1772 645 1824 veri
663 1775 703 1822 est
720 1771 818 1835 simile,
840 1770 1063 1823 adolescentulum
1085 1771 1172 1823 minus
1191 1773 1385 1839 annosviginti
1407 1777 1507 1835 natum,

388 1887 421 1899 -
439 1872 502 1908 nam
519 1857 552 1908 ab
571 1872 602 1907 ea
618 1855 678 1907 inde
696 1861 781 1908 aetate
792 1855 942 1924 Longinum
960 1856 1095 1919 audiebat,
1113 1887 1147 1895 -
1165 1857 1381 1923 gravissimorum
1393 1856 1507 1925 philoso-

306 1948 311 1955 “
387 1942 500 2011 phorum
521 1941 616 1993 scholis
639 1940 796 1993 interfuisse.
830 1940 914 1993 Immo
935 1941 1046 1993 finxisse
1069 1939 1118 1992 hoc
1140 1946 1271 1992 nostrates
1295 1941 1365 1993 docti
1387 1941 1507 1993 videntur

388 2044 422 2080 ex
439 2026 540 2079 Proculi
559 2027 592 2078 ad
610 2025 771 2078 Timaeuml
788 2042 813 2094 p.
827 2025 860 2076 20
869 2042 891 2079 ο,
912 2026 953 2094 (p.
966 2025 999 2078 45
1017 2026 1057 2077 ed.
1075 2024 1246 2094 Schneider):
1270 2024 1396 2094 ἀπορεῖται
1415 2025 1440 2076 δὲ
1459 2025 1506 2077 ὑπὸ

387 2111 508 2182 Λογγίνον
531 2111 570 2162 καί
583 2110 726 2181 1Ὠριγένονς
749 2107 762 2160 ὁ
785 2111 861 2169 τόπος
880 2110 956 2179 (Plat.
969 2110 1035 2164 Tim.
1048 2128 1073 2179 p.
1086 2111 1116 2162 19
1126 2126 1148 2164 e.
1172 2111 1204 2162 de
1225 2111 1310 2179 poetis
1333 2111 1507 2180 efficiendis),

388 2198 483 2266 μήποτε
501 2197 541 2247 καὶ
559 2196 601 2247 τὸν
618 2194 733 2264 Ὅμηρον
752 2193 902 2263 περιείληφεν
921 2192 945 2245 ἐν
967 2198 1018 2254 τοῖς
1041 2197 1152 2260 ποιηταῖς
1172 2234 1194 2244 ,.
1214 2195 1291 2263 ὥστε,
1319 2195 1390 2264 φησιν
1409 2193 1423 2245 ὁ
1441 2195 1507 2265 Πορ-

388 2282 484 2349 φιίριος,
506 2283 580 2350 τριῶν
604 2278 671 2331 ὅλων
693 2278 790 2349 ἡμερῶν
814 2278 951 2330 διατελέσαι
969 2278 1011 2330 τὸν
1030 2277 1158 2349 Ὠριγένην
1180 2279 1278 2346 βοῶντα
1301 2280 1341 2331 καί
1359 2278 1507 2349 ἐρυθριῶντα

388 2366 428 2416 καί
449 2363 534 2434 ίδρῶτι
557 2364 647 2434 πολλῷ
666 2365 843 2434 κατεχόμενον,
863 2362 972 2434 μεγάλην
995 2356 1053 2415 εἶναι
1075 2364 1181 2433 λέγοντα
1202 2364 1245 2430 τὴν
1268 2363 1381 2416 ὑπόθεσιν
1404 2366 1445 2416 καί
1462 2365 1506 2431 τὴν

387 2447 504 2520 ἀπορίαν,
527 2450 567 2501 καί
589 2450 707 2503 δεικνύναι
730 2449 946 2519 φιλοτιμούμενον,
971 2447 1008 2500 ὅτι
1030 2449 1091 2519 πρὸς
1112 2446 1155 2508 τὰς
1174 2449 1227 2500 κατ’
1246 2447 1331 2519 ἀρετὴν
1350 2447 1445 2519 πράξεις
1464 2448 1506 2520 ἀρ-

387 2540 465 2587 κοῦσα
481 2535 496 2602 ἡ
515 2536 573 2604 παρ’
591 2534 696 2604 Ὁμήρῳ
716 2534 815 2604 μίμησις
893 2535 974 2604 Atqui
990 2534 1050 2587 hinc
1071 2552 1125 2587 non
1148 2535 1276 2603 sequitur,
1300 2542 1330 2587 ut
1346 2535 1504 2604 Porphyrius

385 2622 442 2690 ipse
464 2620 529 2674 haec
551 2621 653 2685 viderit3
675 2637 738 2674 nam
761 2621 913 2690 aLcngino
937 2626 1104 2690 praeceptore
1127 2626 1153 2672 et
1173 2621 1296 2672 familiari
1316 2636 1364 2673 suo
1388 2623 1505 2691 accipere

385 2708 481 2777 potuit,
505 2708 578 2759 cuins
600 2708 777 2776 interpretatio
800 2706 850 2759 hoc
871 2708 929 2777 ipso
951 2708 1009 2759 loco
1028 2705 1135 2758 affertur
1158 2711 1184 2758 et
1204 2706 1249 2774 qui
1267 2708 1455 2759 commentaria
1473 2708 1505 2759 ad

385 2794 523 2845 Timaeum
546 2794 686 2861 scripserat
707 2792 817 2861 (Procul.
840 2793 868 2843 in
891 2792 958 2845 Tim.
980 2810 1005 2861 p.
1021 2792 1060 2843 10.
1075 2792 1112 2843 11.
1128 2791 1167 2845 16.
1181 2791 1223 2845 20.
1236 2791 1276 2845 21.
1289 2792 1330 2846 29.
1343 2792 1384 2844 50.
1399 2792 1439 2846 63.
1452 2792 1504 2860 98).

385 2876 552 2930 Prooemium
568 2877 669 2928 Timaei
687 2875 813 2945 Origenes
832 2892 936 2945 quoque
953 2877 1080 2945 peculiari
1097 2877 1161 2929 libro
1183 2877 1367 2929 illustraverat.
1391 2877 1503 2945 (Procul.

384 2962 446 3013 ibid.
464 2980 489 3031 p.
505 2961 543 3013 10.
556 2961 597 3015 26,
611 2961 656 3029 al.)
692 2959 833 3030 Origenem
851 2978 912 3013 cum
928 2961 1048 3030 Longino
1067 2962 1237 3013 coniunctum
1253 2962 1355 3031 preb.
1368 2962 1426 3014 211.
1439 2963 1502 3014 2111.

383 3047 509 3100 Proculus
526 3046 655 3109 nominat,
674 3046 830 3114 eosdemque
847 3046 896 3111 ita,
915 3052 944 3098 ut
959 3045 1097 3115 Porphyrii
1113 3047 1254 3111 sententia,
1273 3048 1379 3099 nemine
1397 3047 1502 3116 quidem

385 3133 496 3196 omisso,
518 3130 711 3200 subsignifioari
727 3130 857 3197 videatur,
878 3131 941 3186 lOb.
955 3131 996 3183 24.
1010 3131 1070 3183 261.
1097 3132 1159 3183 Tres
1177 3133 1237 3184 illos
1255 3130 1423 3201 philosophos
1442 3149 1502 3185 con·

383 3218 471 3271 iunxit
486 3234 513 3286 p.
526 3216 587 3269 500.
601 3216 667 3281 9803
689 3216 839 3285 Longinum
862 3221 888 3269 et
903 3215 1076 3285 Porphyrium
1096 3216 1156 3271 lde.
1172 3216 1327 3281 2911311
1342 3218 1429 3269 solum
1447 3217 1502 3269 Ori·

384 3320 479 3372 genem
496 3302 578 3355 semel
595 3302 672 3355 modo
691 3302 810 3355 nominat
827 3301 895 3365 291ι;
917 3302 955 3353 ita
971 3307 1002 3353 ut
1018 3302 1147 3365 nesciam,
1168 3316 1202 3353 an
1221 3300 1341 3370 Origenis
1359 3303 1501 3354 sententias

383 3389 497 3458 Longini
514 3389 643 3440 duntaxat
660 3404 694 3440 ex
712 3387 906 3440 commentariis
916 3386 1042 3441 Proculus
1059 3387 1173 3450 noverit,
1191 3386 1243 3439 nisi
1259 3386 1326 3439 forte
1343 3403 1431 3455 neque
1446 3386 1502 3439 Ori·

384 3490 478 3544 genem
495 3489 580 3541 neque
592 3473 743 3542 Longinum
759 3473 816 3541 ipse
833 3473 911 3541 legit,
929 3472 975 3524 sed
993 3488 1027 3523 ex
1042 3470 1180 3540 Porphyrii
1197 3472 1302 3524 demum
1319 3488 1391 3540 penu
1408 3472 1501 3524 doctri-

383 3576 484 3628 naeque
495 3558 624 3611 thesauris
637 3559 742 3611 illorum
754 3558 942 3627 explicationes
955 3556 1123 3626 deprompsit.
1151 3556 1243 3609 Multis
1261 3557 1331 3608 enhn
1343 3555 1501 3625 Porphyrius

383 3645 519 3697 Timaeum
535 3644 723 3707 illustraverat,
745 3658 829 3711 neque
847 3642 924 3694 facile
941 3642 1058 3711 priorum
1076 3641 1211 3693 doctorum
1229 3641 1364 3710 opiniones
1383 3643 1501 3694 omittere

383 3730 497 3782 solebat:
520 3729 645 3781 Proculus
663 3721 833 3796 contra'prae
852 3727 972 3791 ,divino“
991 3743 1039 3779 sno
1056 3725 1199 3779 Iamblicho
1217 3727 1331 3795 reliquos
1348 3727 1501 3796 interpretes

383 3813 547 3882 contempsit.
574 3812 639 3865 Utut
654 3812 704 3865 hoo
722 3818 772 3877 est,
791 3813 814 3863 si
825 3812 958 3864 Ammonii
969 3810 1127 3881 Porphyrius
1145 3812 1239 3864 fuisset
1250 3811 1407 3881 discipulus,
1426 3813 1500 3864 ahter

382 3898 499 3968 profecto
521 3898 549 3950 in
571 3897 637 3949 libro
661 3898 718 3949 adv.
736 3896 896 3950 Christianos
913 3896 950 3948 Ill
967 3914 1008 3966 ap.
1026 3896 1121 3950 Euseb.
1141 3896 1200 3949 hist.
1217 3897 1279 3948 eccl.
1291 3896 1334 3949 vl.
1349 3897 1379 3949 19
1398 3897 1434 3966 (p.
1450 3897 1502 3949 420

382 3983 596 4050 Zimmermann.)
619 3981 741 4045 dixisset,
767 3982 814 4033 ubi
837 3981 978 4050 Origenem
995 3980 1193 4046 Adamantium‚
1217 3982 1391 4034 clarissimum
1414 3999 1505 4034 rerum

383 4067 588 4141 Christianarum
605 4067 770 4135 scriptorem,
789 4097 822 4105 —
840 4083 917 4136 quem
934 4065 1067 4120 Platonico
1089 4066 1246 4135 cognomine
1267 4067 1396 4119 minorem
1418 4067 1500 4119 fuisse

381 4153 540 4206 uatuVales.
559 4151 591 4203 ad
608 4151 702 4204 Euseb.
720 4151 737 4203 l.
756 4167 850 4203 comm.
868 4157 894 4203 et
911 4151 1107 4221 Redepenning.
1126 4151 1158 4203 de
1176 4150 1288 4219 Origene
1303 4152 1315 4204 l
1332 4169 1358 4220 p,
1371 4152 1499 4203 421-29

382 4235 661 4306 (nonancurte)
680 4236 936 4302 demonstraverunt,
954 4268 988 4276 -
1005 4236 1075 4289 bunc
1095 4238 1186 4305 igitur»
1199 4237 1314 4305 graviter
1336 4238 1498 4306 vituperans:

382 4310 516 4390 ’Ἀκροατὴς
535 4318 594 4391 γάρ,
612 4322 709 4389 inquit,
729 4314 799 4380 οὗτος
809 4318 966 4391 Ἀμμωνίου,
984 4326 1028 4372 τοῦ
1047 4321 1162 4386 πλείστην
1180 4318 1204 4371 ἓν
1223 4324 1274 4381 τοῖς
1293 4320 1420 4390 καθ’ὴμᾶς
1438 4322 1499 4391 χρό-

382 4423 431 4464 νοις
454 4404 561 4457 ἐπίδοσιν
584 4403 608 4456 ἒν
623 4405 766 4475 ’φιλοσοφίᾳ
789 4404 926 4476 ἐσχηκότος
948 4407 1005 4475 (qui
1026 4407 1168 4475 plurimum
1190 4405 1355 4476 philosophia
1377 4406 1498 4475 profecit)

382 4490 490 4559 γεγονώς
577 4490 659 4553 Quem
677 4492 700 4544 si
717 4491 872 4557 audivisset,
894 4492 1014 4560 inquam,
1037 4491 1094 4545 sine
1113 4491 1191 4544 dubio
1208 4506 1256 4559 pro
1273 4508 1346 4545 more
1364 4507 1411 4543 suo
1430 4491 1503 4543 adis--

381 4576 469 4628 cisset:
489 4573 503 4626 ὁ
520 4574 637 4645 ἡμέτερος
656 4572 810 4635 διδάσκαλος.
1077 4588 1080 4591 ’
1331 4591 1333 4593 ·
1359 4595 1363 4602 ·
