3592 5400
381 514 421 576 70
657 492 753 575 carui
769 532 796 574 v.
820 532 862 572 ns
878 528 1083 573 eunounoeuu
1098 529 1219 572 usrurs.

379 707 468 764 quum
492 685 612 745 Zenobii
638 685 700 742 eod.
724 683 814 743 Coisl.
839 686 867 743 3.
892 684 910 741 2
942 681 1034 765 ὁμοῖα
1060 678 1111 739 καὶ
1136 674 1205 739 Τῶν
1229 679 1321 764 φίλων
1343 677 1416 750 τοὺς
1439 681 1504 764 φιλ-

379 791 490 865 τάτους
514 797 666 872 praebeat,
697 795 813 865 scribit,
842 797 903 852 τῶν
926 789 1018 876 φίλων
1036 787 1077 850 τοὶ
1107 785 1258 874 φίλτατα)
1287 835 1294 848 .
1322 786 1425 875 μέχρις
1454 780 1504 850 οὖν

379 907 454 967 svor
477 890 551 964 dias
573 892 605 974 ἒξ
626 899 754 989 γυμνοὺς
775 897 946 987 περιέφερον
967 897 1037 971 τοὺς
1061 887 1173 972 παῖδας
1194 897 1245 960 καὶ
1266 898 1452 985 κατεφίλουν
1474 902 1504 962 έν

379 1009 541 1100 Ὀλυμπίᾳ.

444 1125 525 1186 Suid.
550 1119 675 1205 (Bornh.
698 1110 844 1184 11'1187.
867 1117 895 1201 6)
922 1127 983 1180 τῶν
1005 1116 1160 1206 φιλτάτων
1181 1117 1222 1179 τά
1245 1117 1393 1204 φίλταται
1417 1120 1504 1206 φησὶν

379 1229 633 1319 Ἀριστοτέλης
654 1233 684 1292 ἐν
699 1240 738 1314 τῇ
753 1227 896 1298 Μηλιέων
910 1229 1048 1310 πολιτείᾳ
1063 1228 1132 1302 τοὺς
1146 1217 1257 1302 παῖδας
1271 1228 1402 1316 γυμνοὺς
1417 1228 1503 1316 ἐκφέ-

381 1364 439 1429 ρειν
454 1339 553 1428 μέχρις
573 1342 648 1402 ἐτῶν
665 1334 700 1408 ις’
716 1340 767 1401 καὶ
787 1341 965 1425 καταφιλεῖν
981 1338 1089 1411 αὐτοὺς
1109 1340 1216 1411 ἐντοῖς
1231 1338 1413 1425 συμποσίοις.
1443 1345 1502 1403 Ubi

381 1475 469 1532 quum
491 1454 637 1513 lemmatis
664 1454 817 1529 explicatio
844 1453 933 1523 desit,
960 1454 1067 1511 Bernh.
1091 1472 1125 1510 ex
1149 1453 1410 1529 paroemiographo
1437 1461 1502 1530 post

379 1560 518 1640 volscalco
533 1565 662 1640 supplet:
679 1557 726 1620 ὅτι
737 1555 902 1626 Μηλιεῦσιν
917 1561 1034 1620 ἀνεῖλεν
1050 1562 1065 1618 ὁ
1082 1554 1147 1630 θεὸς
1163 1561 1257 1644 φιλεῖν
1268 1565 1329 1618 τῶν
1346 1556 1502 1644 φιλτάτων

380 1668 422 1731 τά
437 1668 577 1756 φίλτατα.
613 1674 715 1750 Pergit
730 1671 851 1732 Suidas:
868 1665 945 1740 Τοὺς
959 1656 1070 1740 παῖδας
1085 1659 1136 1728 οὖν
1151 1716 1157 1728 .
1173 1716 1179 1728 .
1195 1715 1201 1728 .
1228 1673 1343 1730 Rursus
1359 1673 1438 1748 apud
1453 1693 1502 1749 pa-

380 1783 630 1859 roemiographunr
654 1803 706 1858 pro
722 1774 877 1864 Ὀλυμπία
897 1783 1055 1840 secundum
1078 1780 1197 1840 Suidam
1223 1782 1409 1840 scribendum
1432 1801 1502 1865 συμ-

380 1887 483 1971 ποσίορ,
500 1893 555 1950 etsi
570 1892 740 1950 vocabulum
755 1892 847 1970 magis
862 1898 977 1970 poetam
993 1892 1075 1949 decet
1091 1885 1188 1971 (Pind.
1204 1892 1292 1968 Pyth.
1310 1894 1338 1950 4.
1358 1884 1444 1970 294).

926 2089 954 2146 3.

443 2225 490 2282 Ex
504 2223 644 2284 Timaei
659 2223 790 2280 historiis
806 2223 953 2280 oraculum
967 2221 1094 2298 Delphis
1109 2242 1127 2279 a
1140 2224 1257 2281 Brenno
1276 2222 1388 2281 invasis
1405 2225 1503 2281 datum

290 2348 293 2353 ·
379 2334 486 2408 repetit
501 2330 679 2392 Schmidtius
700 2332 735 2389 de
749 2332 878 2390 fontibus
893 2339 962 2391 vett.
979 2341 1127 2390 auctorum
1147 2333 1176 2388 in
1196 2334 1368 2392 enarrandis
1385 2334 1502 2408 expedi-

379 2443 507 2502 tionibus
523 2462 541 2500 a
556 2441 651 2502 Gallis
672 2441 816 2519 susceptis
830 2461 859 2518 p.
876 2442 927 2499 45.
1158 2414 1164 2429 ’

434 2524 528 2612 Ῥεον.
545 2553 671 2629 append.
688 2553 715 2610 2.
734 2553 773 2610 55
789 2551 834 2610 ed.
850 2550 990 2609 Leutsch.

604 2658 670 2746 ἐμοὶ
686 2655 808 2746 μελήσει
822 2664 923 2719 ταῦτα
938 2656 989 2718 καὶ
1003 2658 1125 2732 λευκαῖς
1139 2657 1246 2744 κόραις.

382 2766 538 2855 βαρβάρων
563 2777 651 2830 τινῶν
677 2767 920 2855 στρατευομένων
946 2768 994 2829 ἐπὶ
1018 2765 1153 2855 Δελφοὺς
1177 2768 1369 2857 ἐρωτώμενος
1395 2773 1412 2831 ὁ
1440 2767 1505 2843 θεὸς

380 2886 481 2939 ταῦτα
503 2882 568 2963 ἔφη.
596 2876 717 2965 ὕστερον
734 2867 767 2939 δὲ
781 2876 874 2964 ἐφάνη
891 2876 971 2965 μετά
985 2874 1107 2952 Ἀθηνᾶς
1123 2878 1173 2939 καὶ
1187 2868 1372 2966 Ἀρτέμιδος,
1394 2873 1437 2941 ὧν
1457 2882 1506 2942 καὶ

381 2983 446 3073 ίερά
465 2989 544 3048 ἐστιν
563 2989 594 3047 έν
608 2984 751 3073 Δελφοῖς,
771 2986 953 3073 προσιόντων
969 2991 1107 3048 ὑπαντῶν
1120 2997 1184 3060 τοῖς
1203 2989 1358 3075 πολεμίοις
1391 2996 1427 3052 Id
1446 3004 1504 3054 est:

382 3100 495 3159 obviarn
510 3100 604 3157 factus
615 3099 741 3176 Delphis
753 3101 852 3159 hostes
867 3101 1080 3159 invadentibus.
1105 3100 1211 3171 Snidas
1223 3121 1247 3160 s.
1256 3123 1283 3160 v.
1297 3100 1365 3186 ἐμοὶ
1381 3100 1506 3188 μελήσει

380 3231 410 3288 p.
428 3210 499 3269 221.
517 3210 535 3267 2
550 3210 657 3267 Bernh.
679 3211 779 3269 eadem
800 3211 887 3268 verba
902 3212 1023 3286 repetit,
1045 3212 1103 3269 nisi
1124 3212 1198 3285 quod
1215 3210 1359 3269 ἀπαντῶν
1373 3217 1504 3289 praebet,

380 3309 562 3403 προέιόντων
577 3320 693 3379 omittit.
709 3320 839 3380 ·l⁷ersum
855 3321 945 3378 tradit
960 3322 1047 3378 etiarn
1063 3322 1154 3379 schol.
1167 3322 1318 3397 Aristoph.
1331 3325 1422 3382 nubb.
1436 3328 1504 3383 144.

381 3420 483 3487 Cicero
498 3431 534 3487 de
549 3430 606 3487 div.
622 3430 637 3488 Ι
653 3431 702 3489 37.
720 3432 774 3489 81:
793 3474 807 3503 „
823 3476 830 3489 .
845 3475 852 3490 .
865 3432 941 3506 quod
957 3430 1113 3507 contigisse
1128 3431 1245 3488 Brenno
1260 3432 1369 3489 dicitur
1384 3435 1505 3509 eiusque

381 3540 504 3600 Gallicis
520 3540 626 3615 copiis,
642 3559 731 3615 quum
746 3540 814 3598 fano
828 3541 976 3618 Apollinis
991 3539 1128 3616 Delphici
1143 3540 1285 3598 nefarium
1302 3541 1414 3600 bellum
1430 3544 1505 3601 intu-

380 3650 479 3719 lisset;
495 3657 556 3707 tum
571 3651 650 3708 enim
663 3651 761 3708 ferunt
776 3669 811 3707 ox
826 3650 943 3708 oraculo
958 3650 1076 3706 effatam
1091 3668 1156 3708 esse
1171 3649 1323 3725 Pythiam:

584 3779 636 3837 ego
651 3760 808 3836 providebo
824 3780 885 3817 rem
901 3761 987 3817 istam
1004 3767 1033 3816 et
1047 3759 1131 3817 albae
1146 3759 1282 3836 virgines.

380 3870 428 3927 Ex
441 3887 497 3943 quo
517 3868 640 3938 factum,
660 3876 693 3926 ut
711 3870 878 3926 viderentur
898 3870 1026 3947 virgines
1048 3868 1125 3927 ferre
1144 3888 1225 3926 arma
1245 3877 1362 3941 contra,
1387 3880 1417 3929 et
1441 3875 1507 3931 nive

381 3976 534 4035 Gallorum
549 3979 718 4035 obrueretur
733 3974 906 4036 exercitus.“
931 3979 1043 4036 Eadem
1058 3998 1089 4035 re
1105 3986 1222 4036 narrata
1232 3977 1385 4040 Diodorus
1401 3983 1431 4039 in
1445 4003 1505 4041 exo.

380 4086 448 4143 Vat.
465 4085 532 4142 libri
549 4086 587 4143 22
603 4103 668 4161 cap.
685 4088 702 4144 2
719 4087 827 4163 pergit:
850 4073 992 4168 φυλάξειν
1006 4082 1063 4171 γάρ
1079 4084 1200 4145 ἅπαντα
1218 4082 1272 4145 τὸν
1289 4080 1358 4146 θεὸν
1374 4087 1427 4149 καὶ
1443 4085 1508 4175 μετ’

381 4192 475 4252 αὐτοῦ
491 4188 546 4262 τάς
561 4190 670 4263 λευκάς
685 4188 780 4277 κόρας.
810 4184 933 4252 ’Όντων
949 4180 982 4252 δὲ
997 4194 1027 4253 έν
1041 4201 1086 4273 τῷ
1100 4190 1217 4279 τεμένει
1239 4180 1321 4255 δυεῖν
1340 4204 1418 4269 νεῶν
1432 4220 1508 4260 ποιν-

380 4302 476 4372 τελῶς
491 4299 619 4386 ἀρχαίων
634 4296 755 4373 Ἀθηνοῖς
770 4297 899 4386 προνάου
917 4300 992 4382 (fort.
1009 4299 1161 4387 Προνοίας.
1188 4304 1232 4363 cf.
1248 4307 1340 4366 Paus.
1360 4312 1410 4369 10.
1429 4314 1458 4371 8.
1475 4308 1506 4389 4)

380 4409 432 4470 καὶ
446 4397 627 4495 Ἀρτέμιδος,
647 4407 831 4483 ταύταςτὰς
852 4407 938 4483 θεοὺς
952 4409 1101 4492 ὑπέλαβον
1123 4407 1197 4472 εἶναι
1210 4409 1265 4483 τὰς
1281 4458 1287 4471 .
1303 4459 1310 4472 .
1326 4413 1442 4489 λευκάς
1455 4416 1507 4478 κί-

382 4540 439 4605 ρας.
469 4523 543 4581 Rem
563 4531 592 4581 et
610 4543 724 4583 versum
745 4524 846 4583 Tzetz.
868 4524 937 4582 ohil.
958 4524 1012 4584 XI.
1030 4526 1090 4583 388
1112 4542 1175 4599 sqq.
1197 4525 1301 4595 tradit3
1324 4528 1506 4601 Pausanias,
