3592 5400
843 512 935 556 unna
954 515 975 557 1.

478 659 567 748 χεῦει
581 659 651 748 μέλι
663 657 817 749 Νύμφαισι
831 659 1012 724 Διωνύσοιύί
1024 683 1060 724 τι
1076 651 1165 752 δῶρα.

479 769 563 833 ὅσσοι
577 759 603 833 θ’
614 770 722 857 οἰμφλς3
735 779 794 853 γῆν
807 771 987 860 πωτώμονοι
1001 771 1063 836 αἰὲν
1077 776 1157 854 ἔασι,

348 971 488 1040 daemone)
499 968 591 1023 Ἵππου
608 970 761 1042 καλούμενον
773 970 858 1043 μνῆμά
873 970 932 1025 ἐστι
957 971 1100 1044 Τυνδάρεως
1117 970 1165 1043 γθιρ
1183 974 1257 1034 θύσας
1273 971 1376 1026 ἐνταῦθα
1391 975 1468 1029 ἵππον

347 1056 406 1116 τοὺς
418 1055 519 1122 Ἑλένης
532 1053 639 1128 ἐξώρκου
656 1060 809 1128 μνηστῆρας,
826 1054 894 1118 ίστὰς
907 1056 946 1108 ἐπὶ
958 1061 1002 1110 τοῦ
1011 1058 1090 1110 ίππου
1106 1063 1156 1109 τῶν
1173 1058 1279 1127 τομίων·
1293 1098 1316 1110 ..
1329 1057 1468 1129 ἐξορκώσας

347 1138 375 1192 δὲ
395 1139 440 1192 τὀν
457 1140 535 1192 ἵππον
551 1140 725 1213 κατώρυξεν
742 1139 853 1193 ἐνταῦθα
882 1141 998 1196 Ursolis
1015 1142 1094 1196 inerit
1110 1142 1268 1196 sacrificium
1280 1143 1324 1213 tei.
1338 1144 1467 1214 Sibelim),

345 1225 483 1294 sepultura
494 1231 564 1280 certe
575 1226 608 1278 ad
619 1226 717 1278 inseror
728 1227 841 1296 pertinet
851 1227 959 1296 periurii
970 1227 1093 1280 rindieee.
1110 1227 1201 1280 Latius
1210 1227 1401 1298 Aegyptiorum
1408 1246 1467 1284 moa

344 1311 444 1379 patuit,
460 1327 573 1380 quorum
587 1311 708 1364 nonnulli
723 1310 752 1362 rb
769 1309 854 1382 ἱερεῖον
871 1311 913 1363 καὶ
929 1309 1048 1364 θάπτουσι
1060 1314 1136 1382 μόνον
1145 1309 1336 1381 ἀποσφάξαντες.
1358 1313 1465 1367 Lucian.

344 1395 377 1447 de
390 1395 478 1449 sacrif.
492 1395 530 1450 15.
552 1395 643 1465 ltaque
660 1396 760 1448 oraculi
775 1402 865 1448 auctor
880 1397 1031 1449 institutum
1048 1398 1076 1449 in
1089 1397 1198 1450 Graecia
1210 1413 1290 1466 quam
1306 1398 1334 1450 in
1345 1399 1466 1468 Aegypto

344 1479 430 1532 τυπίσι
442 1479 476 1532 ad
488 1497 593 1533 omnem
603 1480 747 1533 inferorum
759 1481 860 1533 cultum
871 1481 995 1534 extendit.
1237 1488 1241 1496 “

414 1563 426 1598 ⁸
442 1563 489 1616 Sie
499 1565 592 1634 aoripri
602 1582 649 1635 pro
662 1558 723 1634 αίμα
733 1571 839 1634 propter
850 1566 992 1619 molentum
1002 1565 1113 1620 hiatum.

413 1649 423 1682 ¹
443 1647 523 1704 Godd.
533 1653 591 1719 χεῦε
599 1650 749 1718 οιΝύμραις.
762 1650 884 1703 Alienum
892 1655 933 1703 est
941 1652 1018 1720 χεύω,
1027 1667 1151 1720 praesens
1160 1651 1295 1705 Aeolicum
1305 1652 1397 1722 (Greg.
1406 1652 1465 1708 Cor.

341 1749 368 1802 p.
377 1732 429 1785 612
442 1732 571 1802 Sabaei),
583 1734 617 1787 ab
629 1734 736 1788 Homeri
746 1751 804 1786 ueu.
822 1734 931 1803 legitur
943 1735 1048 1804 quidem
1060 1750 1102 1805 ap.
1116 1735 1286 1800 Nicandrum,
1298 1737 1407 1806 Dionys.
1420 1754 1465 1807 pe·

341 1819 422 1887 rieg„
434 1817 626 1887 Apollinarem,
639 1835 705 1888 quor
716 1818 782 1873 Lob.
795 1818 828 1870 ad
839 1818 940 1872 Buttm
952 1835 992 1888 gr.
1004 1819 1028 1872 11
1039 1837 1065 1889 p.
1074 1819 1125 1872 326
1137 1818 1225 1884 affert,
1243 1825 1378 1889 praeterea
1389 1839 1465 1873 κατα·

341 1902 496 1971 χώεται-ομ.
508 1902 615 1957 Ηοοίοθ.
629 1920 688 1972 opp.
700 1902 765 1967 5833
781 1903 893 1956 aeduini
905 1904 996 1956 libatio
1007 1904 1126 1956 inaudita
1140 1904 1168 1956 in
1180 1902 1361 1972 Nympharum
1373 1907 1463 1962 sooria.

338 1986 421 2039 Paua.
431 1985 456 2038 5.
468 1986 507 2039 15.
518 1986 545 2038 6:
559 1988 644 2056 μόναις
656 1985 684 2038 δὲ
693 1990 746 2047 ταῖς
756 1987 868 2055 Νύμφαις
878 1987 908 2038 ού
917 1987 1058 2056 νομίζουσιν
1070 1988 1148 2056 ήΕίοί)
1160 1981 1226 2038 οἶνον
1236 1986 1294 2038 οὐδὲ
1303 1993 1333 2056 τῇ
1343 1989 1463 2061 Δεσποίνῃ

342 2070 462 2123 σπένδειν.
479 2070 587 2125 Polemo
598 2072 731 2141 periegeta
743 2071 954 2140 (6.42Ριο11οτί)
967 2088 1008 2141 ap.
1019 2071 1073 2124 soh.
1083 2071 1164 2142 Soph.
1174 2071 1237 2124 Oed.
1248 2071 1304 2126 001.
1318 2073 1377 2125 10οι
1390 2071 1464 2141 Ἀθη-

342 2159 408 2208 ναῖοι
420 2194 445 2206 ..
458 2153 600 2225 νηφάλια..
612 2152 664 2224 ἱερὰ
676 2156 761 2207 θύουσι
772 2156 938 2225 Μνημοσύνῃ,
951 2156 1074 2225 Μούσαις,
1086 2155 1156 2225 Ἠοῖ,
1169 2155 1262 2224 Ἡλίῳ,
1275 2156 1381 2226 Σελήνῃ,
1395 2158 1464 2226 Νύμ-

342 2259 411 2310 φαις,
424 2237 556 2310 Ἀφροδίτῃ
570 2239 690 2309 Οὐρανίῃ,
699 2240 774 2310 quod
785 2240 923 2310 descripsit
934 2241 1008 2296 Suid.
1021 2259 1043 2294 s.
1055 2238 1172 2310 νηφάλιος
1183 2240 1261 2292 θυσία
1276 2239 1388 2294 Omnino
1401 2241 1464 2312 quid

341 2324 396 2380 hb
409 2323 546 2394 Nymphae
558 2325 609 2377 eibi
620 2325 713 2377 volunt
723 2325 791 2377 inter
802 2326 902 2378 medios
915 2325 978 2379 deos
989 2327 1106 2379 infernos
1122 2331 1149 2378 et
1163 2326 1250 2378 aerios
1265 2326 1372 2378 illatae?
1395 2326 1463 2390 Quid

341 2427 441 2463 nomen
458 2409 578 2474 dearum,
600 2425 682 2478 quum
698 2425 732 2462 ex
749 2410 866 2479 imperiis
887 2416 915 2462 et
931 2411 1038 2463 sedibus
1056 2413 1190 2463 oraculum
1207 2411 1347 2463 numinum
1363 2416 1464 2481 repetat

341 2495 571 2548 distributionem?
592 2493 659 2546 Illud
671 2493 776 2563 quidem
787 2493 845 2546 fieri
855 2511 910 2547 non
921 2500 1019 2563 potest,
1036 2494 1106 2564 quod
1117 2494 1265 2547 Nitasehius
1277 2494 1310 2546 ad
1321 2495 1399 2549 Hom.
1413 2494 1461 2550 Od.

343 2580 383 2632 10.
396 2579 447 2631 517
459 2579 593 2649 proponit,
612 2583 640 2630 ut
652 2578 764 2647 Νύμφαις
777 2579 939 2647 explicemus
952 2578 984 2630 ad
997 2593 1106 2647 aquam3
1123 2594 1209 2647 neque
1222 2580 1292 2631 euim
1303 2579 1462 2647 praepositio

339 2665 436 2719 abesse
447 2664 571 2729 debebat,
582 2679 668 2733 neque
680 2662 811 2716 sententia
822 2667 884 2732 apta
892 2663 1009 2727 exsistit,
1021 2663 1068 2716 aed
1076 2660 1211 2733 Nymphae
1223 2661 1249 2717 h.
1260 2663 1277 2717 1.
1291 2678 1338 2732 pro
1349 2661 1462 2716 fontium

339 2766 412 2819 aqna
428 2749 481 2802 dioi
495 2749 587 2802 eadem
602 2747 766 2818 metaphora,
785 2764 837 2817 qua
849 2748 982 2819 Δήμητραν
994 2745 1094 2817 ἀμήσεις
1110 2749 1138 2801 in
1154 2752 1258 2801 vetusto
1276 2748 1395 2812 oraculo,
1412 2762 1462 2816 ego

340 2850 448 2905 quoque
459 2834 545 2887 oredo.
562 2833 654 2903 Itaque
666 2834 766 2887 rmibo:

649 2957 673 2969 ..
689 2916 774 2987 ἴαλλε,
793 2916 891 2988 petel
909 2937 936 2987 μ.
955 2918 1085 2988 Νύμφας
1103 2935 1141 2970 τε.

340 3002 512 3073 significatur
529 3003 636 3056 deorum
653 3002 815 3056 infernorum
830 3004 931 3058 libatio.
954 3003 1030 3056 Hom.
1043 3004 1091 3059 ed.
1107 3004 1147 3058 10.
1160 3003 1223 3056 517ι
1238 3000 1327 3073 βόθρον
1340 2996 1425 3074 θρύξαι
1437 3041 1460 3055 ..

340 3087 404 3159 ἀμφ’
415 3087 485 3157 αύτῷ
497 3086 525 3140 el
535 3086 599 3158 χοὴν
610 3087 709 3157 χεῖσθαι
720 3090 793 3140 πᾶσιν
805 3088 940 3157 νεκύεσσιν,
958 3091 1046 3158 πρῶτα
1058 3088 1211 3158 μελικρήτῳ,
1228 3088 1356 3156 μετέπειτα
1372 3087 1398 3139 δὲ
1409 3086 1462 3154 ἡδέι

340 3172 414 3243 οἴνῳ,
433 3171 462 3224 rb
479 3172 560 3243 τρίτον
572 3166 626 3224 αὖθ’
638 3172 716 3224 θδατι.
741 3172 792 3225 Ubi
802 3172 967 3225 Euetathiusz
984 3172 1131 3243 μελίκρατον
1148 3171 1171 3223 ol
1187 3172 1288 3224 παλαιοί
1305 3172 1387 3242 μίγμα
1403 3171 1462 3241 φασί

289 3256 291 3259 ⁴
340 3258 440 3329 μέλιτος
452 3256 493 3307 καί
504 3254 630 3326 γάλακτος
642 3254 746 3309 ἐνταῦθα
758 3258 807 3328 (rio
818 3257 879 3310 Eur.
893 3256 937 3311 Or.
952 3257 1001 3308 114
1011 3258 1040 3309 in
1051 3257 1131 3309 saeris
1143 3256 1322 3322 funebribual·
1340 3254 1363 3306 οἱ
1379 3254 1462 3324 μέντοι

340 3342 394 3412 μεθ’
404 3339 523 3412 Ὅμηρον
540 3341 613 3411 μέχρι
631 3341 671 3392 καί
686 3339 769 3411 ἐσάρτι
785 3343 869 3411 κρᾶμα
884 3340 985 3409 μέλιτος
1001 3340 1042 3392 aul
1059 3340 1149 3399 θδατος
1166 3339 1195 3390 rb
1208 3338 1355 3408 μελίκρατον
1372 3336 1460 3392 οίδασι.

338 3425 435 3497 Porph
448 3426 480 3480 de
491 3431 565 3479 antro
578 3424 691 3495 Nymph.
704 3443 730 3495 p.
741 3426 791 3478 262
804 3425 843 3478 ed.
854 3423 1144 3491 ΗοΙοιοιικπεποίηνται
1160 3422 1207 3489 ἤδη
1220 3423 1250 3474 rb
1263 3422 1319 3491 μέλι
1335 3422 1375 3474 καί
1388 3419 1460 3474 θανά-

339 3530 384 3563 του
397 3510 538 3579 σύμβολον·
551 3509 589 3562 δίο
601 3510 642 3561 κα1
655 3510 755 3580 μέλιτος
766 3508 875 3576 σπονδὴν
888 3512 939 3569 τοῖς
951 3508 1058 3578 χθονίοις
1071 3504 1148 3558 ἔθυον.

409 3595 421 3629 ²
439 3595 577 3647 διονύσσοιο
589 3593 668 3658 GFG,
681 3594 803 3647 διονύσοιο
814 3596 884 3658 rell,
900 3593 947 3647 sed
957 3591 1064 3662 Niceph.
1076 3593 1104 3644 in
1116 3592 1258 3661 Synesium
1269 3607 1295 3660 p.
1303 3591 1353 3643 411
1361 3607 1384 3643 a.
1398 3590 1460 3642 Διω·

339 3680 432 3733 νύσοιο.
450 3679 559 3749 Legitur
570 3678 694 3739 Διώνυσος
707 3695 748 3749 ap.
759 3679 835 3732 Hom.
847 3678 878 3733 Π.
892 3678 921 3743 6,
935 3677 983 3730 132
995 3683 1023 3730 et
1035 3676 1095 3741 135,
1112 3676 1160 3731 0d.
1174 3676 1220 3741 24,
1233 3675 1266 3728 74
1278 3675 1323 3746 (of.
1336 3673 1460 3729 Herodia-

338 3782 391 3819 nua
407 3766 436 3817 in
446 3764 533 3833 Etym.
549 3765 586 3819 ll
599 3764 662 3828 280,
675 3764 715 3833 6),
730 3764 837 3818 Hesiod.
855 3762 943 3831 theog.
957 3761 1019 3826 941,
1030 3762 1172 3814 Pindarum
1182 3761 1294 3830 passm,
1314 3760 1415 3813 Gallim.
1425 3756 1458 3813 tr.

341 3850 389 3903 171
402 3850 479 3913 Bru,
490 3849 576 3919 Apoll.
586 3848 670 3903 Rhod.
684 3851 710 3917 1,
725 3848 785 3913 116,
797 3847 911 3918 Euphor.
922 3847 955 3899 fr.
970 3847 1002 3899 14
1012 3847 1105 3910 Mein„
1118 3845 1226 3899 Tbeoor.
1238 3845 1268 3909 θ,
1284 3843 1344 3909 120,
1356 3843 1459 3896 Timon.

336 3935 436 3988 Phliaa.
445 3933 479 3987 ir.
489 3934 574 4004 arap.
584 3934 678 3988 Athen.
692 3934 734 3997 10,
747 3933 797 3985 445
807 3950 834 3996 ο,
851 3930 931 4001 Orph.
942 3931 1041 4000 Argon.
1054 3931 1132 3996 1250,
1144 3930 1234 3999 hymn.
1248 3929 1281 3982 43
1294 3928 1458 3998 (lenem),

337 4019 363 4072 3.
372 4018 407 4071 56
419 4018 476 4088 (bil
488 4017 513 4073 3.
531 4018 565 4071 74
577 4018 636 4087 ’(75)
652 4018 677 4082 1,
693 4018 763 4072 infr.
777 4033 819 4086 ap.
830 4017 895 4069 Lob.
907 4017 967 4085 Agl.
979 4033 1005 4085 p.
1015 4015 1066 4068 415
1078 4021 1104 4068 et
1115 4015 1178 4080 4983
1196 4032 1238 4085 ap.
1249 4016 1397 4068 Maximum
1409 4012 1460 4065 403

338 4113 367 4156 et
376 4102 442 4167 483,
460 4102 600 4155 Proculum
611 4102 700 4171 hymu
712 4102 740 4155 in
750 4101 839 4154 Solem
851 4101 896 4166 24,
909 4101 937 4154 in
948 4116 1019 4169 corp.
1030 4100 1109 4154 inser.
1120 4100 1161 4155 tit.
1172 4099 1222 4152 956
1233 4116 1258 4153 ν.
1271 4100 1316 4163 11,
1328 4100 1355 4151 in
1368 4113 1459 4150 oraeu·

337 4189 372 4241 lis
385 4204 427 4257 ap.
441 4186 522 4240 Glem.
535 4187 575 4240 Al.
587 4191 678 4242 strom.
692 4187 705 4239 1
717 4203 743 4256 p.
756 4186 805 4239 150
816 4185 890 4255 Sylb.
904 4191 931 4239 et
941 4186 1035 4238 Euaeb.
1047 4202 1086 4255 pr.
1098 4201 1137 4237 ον.
1149 4184 1174 4238 5.
1186 4183 1220 4237 36
1231 4200 1257 4253 p.
1267 4183 1326 4237 233.

410 4272 422 4305 ⁸
440 4271 513 4341 γαίην
526 4271 609 4325 Gaias.
626 4287 659 4323 ex
675 4270 801 4335 BGDFG,
818 4274 891 4341 γαῖαν
903 4272 975 4339 vulg.
988 4274 1049 4322 ante
1062 4269 1144 4323 Gaisf.
1172 4269 1229 4336 Ego
1247 4264 1309 4336 ἀμφὶ
1319 4266 1420 4318 mutavi
1430 4265 1459 4316 in

338 4353 428 4427 ἀμφὶς,
445 4361 476 4409 ut
491 4358 537 4425 γῆν
554 4372 698 4421 οοινοτοιιι,
717 4356 786 4425 quod
804 4355 1001 4425 antiquissimus
1013 4354 1037 4406 Α
1047 4353 1163 4423 praebet.
1185 4352 1261 4405 Hom.
1273 4351 1303 4404 Π.
1319 4349 1358 4401 11.
1371 4348 1421 4400 634
1433 4352 1459 4400 et
1516 4411 1520 4421 Ι

337 4441 389 4495 748
401 4439 477 4511 ἀμφὶς
493 4440 596 4493 ἕκαστον
614 4447 641 4493 et
655 4442 781 4494 translate
796 4440 843 4495 od.
856 4440 895 4494 19.
911 4440 945 4492 46
957 4437 1075 4509 εἰρήσεται
1088 4433 1161 4506 ἀμφὶς
1178 4435 1276 4487 ἕκαστα.
1306 4433 1458 4503 Elegantius

336 4526 407 4579 foret
424 4524 485 4595 ἄμφ’
502 4519 566 4579 αἶαν.
592 4526 709 4580 Numina
722 4525 794 4578 aeria
810 4524 954 4594 significari
968 4522 1062 4592 Porph.
1080 4522 1108 4575 in
1120 4521 1283 4575 enarratione
1294 4519 1344 4571 alte
1362 4520 1414 4576 τοῖς
1431 4515 1458 4568 el

1221 4619 1255 4676 3.
