3592 5400
764 445 908 489 mnu.

408 590 502 684 Ἄρεα
515 594 673 682 κραιπνὸν1
687 600 750 684 ἕχει
763 592 951 686 γενεθλήιον,
966 594 998 670 ὅς
1012 617 1062 683 μιν
1076 595 1178 682 ὀρίνει,

409 695 480 772 uolt
493 709 509 770 t
522 704 694 794 ταργλσεΰ·
716 703 810 782 Ζηνὸς
824 707 881 796 γὰρ
896 705 1041 795 ἐπέγροιε8
1056 705 1165 790 βουλή,

312 826 386 885 260.
408 817 429 889 ἥ
444 821 471 881 οἱ
484 807 574 892 κῦδος
589 815 705 905 ἀρειυν4
718 816 769 881 ἀπ’
780 811 886 905 Ἀρεος
901 815 986 894 εὐθὺς
1000 809 1102 906 ὀρέξει

277 932 332 996 καὶ
345 927 437 994 πάλιν
451 927 496 993 ἐπ’
507 925 616 992 ἄλλου·

410 1040 548 1128 εὐχαίτης
562 1038 716 1104 ἐπέκειτο5
731 1037 858 1128 Κρόνος,
873 1039 1060 1130 σιύγεροῖσι6
1075 1029 1109 1103 δὲ
1123 1037 1253 1127 κέντροις

410 1149 554 1241 ὅιλγυνεν7
571 1140 680 1226 παιδὸς
693 1151 830 1214 ταλοιοῦ8
845 1140 1054 1239 δυσπέμφελον
1067 1151 1145 1221 W

434 1269 485 1327 Pr.
501 1288 545 1326 ev.
560 1268 611 1327 vl.
628 1268 657 1326 5.
677 1271 691 1326 l
708 1288 737 1344 p.
754 1271 810 1327 141
829 1266 931 1344 Steph.
947 1288 977 1344 p.
991 1269 1049 1327 241
1065 1269 1083 1326 b
1100 1268 1167 1345 vig.

348 1370 408 1424 Ἐπὶ
420 1373 479 1423 πᾶσι
490 1371 585 1432 τούτοις
597 1370 637 1422 καλ
650 1370 779 1440 ψεύδεσθαι
790 1370 847 1431 τοὺς
859 1371 928 1431 θεοὺς
941 1368 955 1422 ὁ
968 1369 1042 1430 οὗτος
1054 1369 1236 1440 (Porphyrius)
1250 1367 1377 1440 ὁμολογεῖ.

343 1465 428 1531 Ἀλλ’
438 1456 498 1539 ἤδη
513 1468 564 1530 καὶ
577 1467 633 1537 τὴν
647 1476 755 1555 γνῶσιν
769 1477 825 1541 τῆς
839 1477 930 1556 ρορῖις
938 1467 963 1506 ¹⁰
973 1467 1028 1538 τὴν
1040 1468 1148 1555 ἀκριβῆ
1159 1468 1209 1530 καὶ
1219 1466 1274 1542 τάς
1285 1471 1320 1529 ἐκ
1331 1466 1400 1531 τού-
1465 1524 1472 1532 .

275 1602 340 1643 των
352 1575 542 1666 συμβοίσεις11
556 1575 775 1648 ἀκατάληπτον
787 1574 861 1641 εἶναι
873 1575 1049 1666 ἀνθρώποις,
1065 1578 1116 1641 καὶ
1128 1581 1162 1641 ου
1174 1577 1264 1666 μόνον
1275 1576 1401 1658 τούτοις,

276 1689 362 1754 ἀλλά
385 1689 436 1754 καί
455 1712 516 1754 τισι
534 1697 595 1755 τῶν
611 1677 760 1780 δαιμόνων
768 1687 804 1728 ¹²·
826 1686 895 1755 ὅθεν
918 1690 969 1754 καὶ
991 1678 1152 1777 ψεύδονται
1166 1691 1232 1777 περὶ
1241 1687 1264 1727 ¹³
1279 1693 1401 1756 πολλῶν

275 1797 487 1887 ἐρωτηθέντες.

349 2014 359 2048 ¹
379 2013 517 2067 Ruentem.
534 2011 674 2083 Epitheton
692 2011 740 2065 deo
759 2028 838 2082 quam
857 2013 936 2066 sideri
953 2013 1048 2083 aptius.
1118 2012 1129 2046 ²
1147 2012 1265 2083 ταρχήσει
1283 2013 1336 2068 GG.

349 2100 361 2133 ³
379 2100 458 2152 Marti
475 2115 504 2151 se
522 2099 652 2168 opposuit.
670 2129 704 2138 -
723 2097 814 2167 βουλὴν
832 2098 934 2152 BCDG.
1133 2104 1137 2113 “

348 2186 361 2219 ⁴
379 2185 436 2238 Nisi
453 2185 520 2238 forte
537 2183 618 2254 ἀρεῖον
635 2184 809 2238 scribendum.
843 2183 939 2254 Utique
956 2184 1042 2237 verbis
1059 2184 1138 2254 poeta
1154 2184 1229 2237 ludit.

349 2271 360 2303 ⁵
380 2268 480 2339 εὐχέτης
497 2270 559 2334 BG,
577 2268 678 2339 εὗχετάν
697 2270 729 2336 G,
747 2267 862 2321 ἐπίκειται
880 2270 970 2325 ODGl.
1040 2272 1052 2304 ⁶
1070 2269 1212 2339 στυφελοῖσι
1230 2269 1283 2324 OG.

349 2355 360 2388 ¹
380 2351 478 2424 ἀλγύνει
494 2354 584 2410 Boot
739 2356 836 2408 ⁸Mule
856 2355 972 2421 Ταλαοῦ,
990 2357 1065 2425 quasi
1082 2373 1180 2409 nomen
1197 2357 1245 2420 sit,
1265 2355 1347 2410 Gaisf.

349 2442 361 2474 ⁹
381 2437 552 2510 δυσπάμριλον
572 2440 607 2503 G;
625 2437 672 2490 αἰῶ
690 2440 715 2505 Ι,
733 2437 773 2491 cos
787 2440 824 2504 G,
842 2438 883 2491 ἑοῦ
898 2441 935 2505 Ι),
953 2459 993 2510 γρ.
1013 2439 1067 2491 aloto
1084 2457 1175 2510 margo
1188 2441 1261 2509 vig„
1279 2434 1314 2492 εἷο
1331 2441 1400 2505 rell.;

277 2525 317 2593 ἠώ
335 2527 403 2580 coni.
420 2527 539 2596 ligerus.
574 2525 652 2578 Lucis
670 2526 799 2577 terrestris
821 2542 955 2590 aurorem,
979 2527 997 2579 i.
1011 2542 1033 2578 e.
1051 2532 1154 2595 tempus
1178 2527 1315 2590 nascendi,
1335 2526 1399 2579 infe-

278 2613 374 2680 stavit,
392 2613 429 2664 ita
446 2617 476 2665 ut
492 2612 597 2664 funesta
619 2611 701 2664 fieret.
737 2610 829 2680 Κέντρα
851 2629 905 2664 non
927 2611 1040 2676 stimuli,
1062 2611 1108 2663 sed
1129 2615 1159 2663 ut
1180 2610 1249 2662 infra
1271 2612 1299 2663 iu
1321 2612 1400 2663 simili

280 2698 388 2752 oraculo
409 2699 467 2751 loce
490 2696 618 2767 quaedam
636 2714 727 2749 cursus
745 2697 864 2751 caelestis
885 2697 1029 2767 significat,
1052 2695 1078 2752 h.
1091 2697 1109 2752 l.
1128 2696 1309 2762 occidentalia,
1334 2714 1400 2768 quae

279 2784 397 2837 infausta
412 2783 575 2837 ridebantur.

338 2870 361 2904 ¹⁰
380 2868 426 2919 Καὶ
444 2866 457 2920 ὁ
475 2869 613 2939 Πορφύριυς
636 2868 662 2920 δὲ
684 2866 708 2920 ἐν
730 2872 767 2940 τῷ
789 2869 843 2939 περὶ
865 2874 908 2937 τῆς
930 2867 957 2921 ἐκ
975 2869 1067 2938 λογίων
1092 2868 1237 2939 φιλοσοφίας
1260 2869 1300 2921 καὶ
1323 2873 1401 2921 ταῦτα

280 2953 339 3025 ἔφη·
359 2953 461 3005 ἀλλ’-
473 2952 631 3023 ἐρωτηθέντες
644 2954 869 3009 Theodoretus
883 2955 927 3010 Gr.
942 2954 985 3011 aff.
998 2972 1054 3009 sun.
1065 2956 1093 3010 X
1104 2973 1129 3026 p.
1143 2956 1193 3009 954
1205 2954 1328 3010 Schulzii.
1350 2955 1402 3010 Ubi

279 3041 400 3095 nonnulli
417 3040 491 3092 codd.
511 3038 611 3109 ρθόρας.
1314 3103 1318 3122 Ι

337 3128 360 3160 ¹¹
381 3124 502 3193 διηγήσεις
519 3142 566 3194 pro
585 3125 715 3194 συμβάσεις
733 3126 830 3180 Theod.
901 3127 924 3160 ¹²
943 3126 985 3179 sic
1004 3127 1116 3190 Theod.;
1135 3126 1267 3196 δαιμονίων
1277 3128 1371 3179 Euseb.

338 3211 361 3245 ¹³
380 3208 447 3280 παρὰ
464 3210 591 3279 Sylburgi
612 3210 641 3263 P.
662 3212 691 3263 in
712 3210 882 3264 Theodoreto.
905 3241 939 3250 -
960 3212 1090 3264 Ennarrst
1110 3210 1175 3264 haec
1196 3211 1400 3280 Philoponus

281 3297 312 3349 de
328 3296 421 3349 mundi
439 3296 568 3348 creatione
586 3296 610 3349 4.
625 3296 666 3360 20,
684 3298 729 3365 qui
747 3300 808 3365 post
824 3297 906 3348 rerba
922 3312 947 3364 p.
960 3296 1008 3347 166
1025 3297 1104 3347 allatu
1120 3297 1218 3364 pergit:
1238 3289 1289 3346 εἶτα
1301 3295 1400 3362 βλέπων

281 3380 470 3451 (Porphyrius)
498 3378 594 3445 πολλὴν
619 3380 659 3430 καὶ
681 3381 739 3449 παρ’
763 3378 897 3450 ἀνθρώποις
922 3378 1058 3449 ἀποτυχίαν
1083 3379 1156 3445 αὐτῆς
1178 3381 1400 3448 (constellationis

281 3466 416 3536 genitalis)
439 3465 480 3516 καὶ
503 3463 527 3515 ἐν
555 3465 618 3524 θεοῖς
642 3460 717 3515 οὖσαν
740 3464 782 3531 τὴν
806 3461 891 3534 ἀκριβῆ
913 3468 955 3531 τῆς
980 3467 1056 3534 φορᾶς
1082 3467 1131 3515 τῶν
1160 3462 1269 3534 ἀστέρων
1297 3468 1399 3535 γνῶσιν,

281 3583 314 3592 -
337 3550 378 3602 καὶ
401 3551 504 3620 tetiam3
526 3549 586 3602 hinc
609 3551 680 3603 enim
702 3549 822 3620 apodosis
844 3550 947 3618 incipit)
969 3545 1011 3609 τάς
1035 3547 1061 3600 ἐκ
1083 3550 1178 3600 τούτων
1201 3551 1255 3617 (ie.
1279 3548 1399 3619 ἀστέρων)

280 3634 411 3706 συμβάσεις
435 3632 622 3701 ἀκαταλήπτους
645 3634 674 3685 οὐ
698 3636 773 3704 μόνον
796 3633 932 3704 ἀνθρώποις
959 3627 1018 3685 εἶναί
1042 3651 1125 3704 φησιν,
1153 3630 1218 3686 ἀλλά
1243 3635 1284 3685 καὶ
1312 3636 1400 3705 δαιμό-
1461 3660 1468 3677 =

280 3740 327 3773 νων
346 3722 395 3771 τισὶ
413 3720 453 3771 καὶ
477 3722 551 3788 θεῶν,
575 3719 671 3789 μᾶλλον
694 3719 720 3771 δὲ
743 3721 814 3770 πᾶσιν
838 3718 936 3788 ἁπλῶς,
960 3716 994 3780 ὡς
1017 3718 1109 3781 διεξιὼν
1132 3723 1210 3771 ταῦτα
1232 3720 1336 3772 δείκνυσι
1359 3721 1399 3773 καὶ

280 3806 323 3872 τὴν
345 3804 423 3857 αἰτίαν
446 3804 524 3875 εἴρηκε
545 3805 647 3856 τούτων.
671 3836 705 3845 -
727 3806 859 3857 Mamilius
880 3805 1014 3858 Ficinus
1041 3822 1096 3874 erg.
1120 3804 1214 3860 Plotin.
1237 3806 1360 3859 enneadis
1383 3807 1399 3859 2

278 3893 339 3945 libri
356 3891 373 3944 3
391 3892 470 3959 (tom.
484 3891 507 3946 l.
526 3908 550 3960 p.
564 3890 614 3942 220
632 3889 781 3960 Greuzeri):
806 3889 907 3954 ,Quam
929 3891 962 3943 ob
985 3908 1041 3943 rem
1064 3891 1250 3945 divinationem
1272 3892 1400 3946 eiusmodi

280 3977 408 4047 Origenes
426 3981 504 4045 utque
515 3975 673 4044 Porphyrius
692 3974 841 4027 hominibus
860 3976 1037 4041 abstulerunt,
1056 3992 1208 4030 concessere
1220 3977 1398 4031 daemonibus.

279 4062 338 4115 Non
357 4062 527 4114 daemonibus
545 4063 653 4129 iuquam
671 4077 752 4129 aeque
771 4061 905 4113 omuibus:
923 4078 985 4113 nam
996 4060 1155 4131 Porphyrius
1173 4063 1201 4115 in
1217 4064 1282 4115 libro
1298 4062 1329 4114 de
1343 4080 1400 4114 ore·

280 4148 358 4211 culis,
376 4151 516 4217 postquam
533 4147 664 4216 probarit,
682 4162 853 4215 quaecunque
871 4146 907 4199 dii
925 4148 1034 4201 oraculis
1052 4148 1143 4201 fatalia
1158 4149 1293 4210 nuntiant,
1314 4148 1398 4198 stella-

278 4240 341 4286 rum'
357 4233 538 4285 observatione
555 4231 714 4301 praedicere,
733 4232 869 4301 subiungit
887 4233 948 4286 deos
967 4250 1069 4303 quoque
1087 4250 1165 4302 saepe
1183 4231 1300 4294 mentiri,
1321 4236 1399 4299 atque

279 4318 440 4388 exquisitam
456 4317 604 4370 futurorum
621 4316 798 4384 cognitionem
815 4336 869 4371 non
883 4318 1034 4372 hominibus
1045 4318 1143 4381 solum,
1161 4316 1207 4369 sed
1218 4316 1307 4368 multis
1320 4317 1399 4369 etiem

279 4404 388 4456 deorum
407 4419 465 4456 esse
481 4418 587 4471 prorsus
604 4402 743 4454 incertam:
768 4408 794 4455 et
811 4404 907 4473 quibus
924 4404 1031 4457 deorum
1047 4404 1209 4455 innotescere
1225 4407 1324 4472 potest,
1346 4419 1399 4455 uon

259 4489 399 4559 ,qualibet
414 4487 479 4543 hore
495 4488 651 4558 adplenum
668 4504 725 4542 esse
741 4492 928 4559 perspectam.“
