3592 5400
770 622 878 668 sorae.
1274 603 1312 664 31

337 818 481 904 antiquus
503 815 592 882 nobis
619 817 717 882 inesse
738 815 870 892 videtur,
895 837 975 881 unns
998 813 1050 880 hic
1072 813 1249 880 Aristotelis
1271 814 1316 877 iu·

337 957 427 1043 genio
451 957 581 1043 dignus,
604 960 684 1020 certe
702 977 764 1020 non
785 978 803 1020 a
822 953 939 1019 misello
955 952 1046 1039 hujus
1057 954 1170 1041 elegiae
1181 958 1318 1029 auctore,

337 1096 464 1161 fortasse
486 1093 523 1159 ab
545 1095 611 1181 ipso
633 1093 798 1160 Aristotele
820 1094 984 1158 coniectus.

383 1232 517 1298 Tandem
541 1239 643 1298 noster
664 1233 744 1299 inira
766 1238 797 1298 et
819 1232 1135 1299 Pseudo-Ammonius
1158 1230 1318 1296 observant

338 1393 401 1437 non
431 1373 566 1460 potuisse
596 1371 792 1437 Aristotelem
823 1372 1014 1459 peregrinum
1046 1371 1178 1436 scholam
1206 1369 1318 1456 aperire

338 1516 444 1575 contra
478 1510 633 1576 Platonem
669 1512 781 1588 civem,
812 1509 972 1575 Timotheo
1007 1516 1037 1574 et
1069 1508 1198 1574 Chabria
1228 1508 1318 1594 hujus

339 1651 572 1736 consanguineis
595 1655 662 1715 tum
686 1650 884 1736 principatum
909 1647 1083 1737 gerentibus
1106 1646 1243 1713 Athenis.

383 1787 451 1854 Jam
487 1788 641 1854 videamus
676 1789 712 1853 de
742 1789 925 1854 Aristoxeno
957 1787 1078 1853 Musico
1108 1792 1139 1852 et
1167 1785 1319 1853 Aristocle

340 1929 442 2015 (cujus
464 1950 574 1993 nomen
598 1950 652 2016 pro
674 1927 811 1992 Aristide
834 1927 1037 2015 reponendum
1060 1949 1124 1992 esse
1143 1928 1205 2014 jam
1230 1948 1318 2013 supra

339 2067 544 2151 monuimus);
574 2071 677 2131 noster
707 2065 889 2153 biographus
920 2065 1010 2154 longe
1041 2089 1059 2132 a
1086 2088 1156 2131 vero
1188 2064 1319 2142 aberrat,

339 2205 392 2290 qni
416 2210 517 2270 censet
541 2203 577 2268 ab
600 2203 649 2269 his
672 2205 745 2269 viris
768 2205 962 2270 Aristotelem
991 2205 1085 2270 fuisse
1108 2205 1317 2291 vituperatum.

338 2344 540 2410 Aristoxenus
572 2344 722 2419 musicus,
752 2342 846 2407 Suida
873 2341 994 2427 quidem
1017 2347 1109 2419 teste,
1134 2340 1207 2426 (Gir.
1231 2341 1261 2406 S.
1285 2342 1318 2405 in

338 2483 424 2566 voce)
456 2482 575 2547 auditor
600 2482 660 2546 fuit
682 2487 713 2546 et
737 2481 863 2546 aliorum
886 2486 917 2545 et
939 2480 1129 2558 Aristotelis,
1152 2502 1240 2566 quem
1266 2480 1317 2544 de·

339 2621 477 2686 functum
519 2621 712 2685 contumeliis
752 2625 942 2685 consectatus
980 2625 1041 2696 est,
1079 2619 1159 2704 quod
1199 2617 1318 2684 scholae

340 2783 542 2826 successorem
559 2759 799 2847 Theophrastum
817 2759 1004 2845 reliquisset,
1022 2781 1090 2824 cum
1102 2760 1167 2846 ipse
1178 2782 1316 2847 magnam

340 2900 418 2987 apud
449 2900 623 2965 Aristotelis
655 2899 806 2964 auditores
837 2900 1047 2964 anctoritatem
1078 2898 1242 2965 obtineret:
1265 2900 1316 2964 sed

340 3037 412 3104 haec
443 3038 518 3104 falsa
547 3062 611 3104 esse
641 3039 775 3104 ostendit
805 3038 842 3103 (l.
866 3039 903 3103 L.
927 3038 1040 3103 Mahne
1062 3040 1095 3102 in
1119 3038 1257 3104 Diatribe
1280 3039 1317 3105 de

339 3178 522 3243 Aristoxeno
545 3178 667 3243 Musico
690 3180 788 3243 Amet.
815 3180 916 3243 1793:
940 3183 1040 3242 actum
1063 3178 1127 3264 egit
1148 3177 1206 3243 Ad.
1226 3176 1317 3242 Stahr

338 3316 371 3380 iu
394 3315 413 3381 l.
437 3338 461 3380 c.
482 3316 518 3380 T.
540 3319 566 3381 1.
585 3339 614 3403 p.
635 3321 693 3381 52:
712 3339 780 3381 nam
800 3317 952 3382 Aristocle
971 3322 1092 3382 auctore
1112 3315 1186 3402 (Cir.
1206 3314 1316 3381 Euseb.

339 3453 442 3541 Praep.
464 3454 581 3542 dreng.
606 3454 676 3519 XV.
702 3456 735 3541 2)
764 3456 965 3520 Aristoxenus
989 3454 1128 3521 Musicus
1150 3456 1211 3519 fere
1233 3477 1315 3519 sum·

340 3615 416 3657 mam
440 3593 601 3659 Aristoteli
624 3593 731 3660 tribuit
754 3593 880 3659 laudem.
902 3593 973 3660 Veri
994 3594 1092 3660 simile
1103 3600 1149 3660 est
1160 3593 1315 3660 Musicum

339 3733 555 3799 Aristoxenum
586 3739 688 3820 postea
720 3734 878 3799 confusum
909 3756 974 3798 esse
1004 3756 1073 3800 cnm
1104 3734 1163 3798 alio
1185 3733 1313 3818 quodam

338 3872 470 3958 ejusdem
490 3874 621 3937 nominis
634 3873 713 3951 viro,
726 3872 903 3938 Aristotelis
914 3873 1039 3938 inimico
1051 3877 1082 3937 et
1093 3872 1314 3940 calumniatore.

382 4010 551 4087 Aristocles
566 4012 768 4090 Messenius,
800 4012 943 4099 magister
973 4012 1139 4078 Alexandri
1161 4012 1314 4099 Aphrodi-

339 4152 414 4230 siac,
457 4152 560 4217 eximii
599 4175 720 4240 operum
755 4152 932 4218 Aristotelis
970 4152 1157 4240 interpretis,
1193 4154 1314 4240 scripsit

339 4292 412 4377 (Cfr.
436 4293 547 4358 Suidas
570 4293 603 4357 in
626 4294 711 4379 voce)
734 4292 828 4359 libros
851 4292 882 4356 X
908 4292 944 4357 de
965 4292 1170 4379 philosophia,
1192 4293 1225 4357 in
1248 4294 1313 4379 qui·

338 4431 393 4497 bus
424 4454 527 4497 omnes
557 4431 754 4519 philosophos
784 4454 945 4518 eorumque
975 4432 1131 4518 opiniones
1165 4438 1313 4499 recenset:
