3592 5400
404 631 446 692 30
840 648 949 694 noune.

449 840 540 927 Apud
565 840 645 906 hune
669 840 821 906 distichon
843 841 886 906 itu
909 840 1036 928 legitur:

427 1043 548 1124 Βωμὸν
575 1038 813 1125 Ἀριστοτέλης
839 1039 1030 1126 ἐνιδρύσατο
1055 1039 1149 1106 τόνδε
1172 1039 1356 1116 Πλάτωνος

471 1179 630 1265 Ἀνδρὸς,
658 1182 695 1246 ὃν
721 1179 791 1245 οὐδ’
815 1183 922 1246 αἰνεῖν
948 1187 1031 1245 τοῖσι
1056 1187 1185 1245 κακοῖσι
1209 1179 1319 1265 θέμις.

401 1392 464 1458 Ubi
496 1391 678 1467 Πλάτωνος
710 1399 806 1471 recte,
837 1393 914 1459 mule
946 1391 1048 1478 ἐνιδρ.
1081 1416 1135 1482 pro
1159 1391 1325 1478 ἱδρύσατο,
1349 1398 1384 1460 ut

402 1533 491 1597 etiam
523 1530 561 1597 ab
591 1534 664 1598 Ant.
695 1531 906 1598 Westermann
936 1532 1007 1598 edit.
1037 1532 1132 1597 Puris.
1162 1531 1254 1597 Firm.
1288 1532 1384 1597 Didot

406 1675 489 1738 1850
515 1670 651 1736 uidemus
673 1671 855 1737 restitutum.
879 1670 991 1736 Jounni
1014 1668 1183 1758 Theophilo
1205 1670 1306 1736 Buhle
1325 1669 1381 1737 lo.

403 1809 438 1873 Τ.
462 1809 487 1873 Ι.
520 1832 547 1896 p.
572 1813 622 1875 53.
655 1807 712 1875 hoo
744 1807 895 1874 distichon
925 1809 1087 1875 conflatum
1117 1831 1182 1875 esse
1204 1809 1324 1875 videtur
1345 1833 1382 1875 ox

402 1949 585 2036 fragmento,
617 1947 697 2034 quod
725 1948 856 2013 ocourrit
880 1949 913 2013 in
936 1948 1149 2014 commentatio
1172 1947 1382 2036 Olympiodori

401 2087 437 2151 ad
461 2087 604 2175 Gorgiam
625 2087 776 2163 Platonis,
799 2087 939 2173 quodque
965 2088 1092 2175 petitum
1124 2087 1236 2154 dieitur
1254 2111 1292 2154 ex
1311 2088 1381 2153 Ari·

400 2227 517 2291 stotelis
534 2225 637 2312 elogiis
656 2225 694 2291 ud
718 2225 900 2290 Eudemum:
921 2226 972 2290 sed
992 2226 1150 2292 Aristoteli
1169 2227 1299 2293 adscribi
1320 2249 1380 2292 non

401 2372 514 2452 potest,
542 2364 681 2450 quonium
705 2365 737 2428 iu
759 2387 794 2429 eo
818 2364 850 2428 in
873 2365 963 2430 tertio
985 2387 1109 2452 persono
1133 2364 1170 2431 de
1192 2389 1224 2431 se
1245 2366 1381 2452 loquitur

400 2503 591 2581 Aristoteles,
604 2503 655 2589 qui
668 2526 733 2567 mos
745 2503 840 2568 serius
852 2502 970 2568 demum
980 2503 1120 2571 obtinuit.
1131 2504 1215 2570 Haeo
1222 2504 1329 2572 Buhle
1338 2545 1380 2554 —

399 2643 441 2710 ut
461 2665 529 2710 vero
549 2643 707 2729 quietalis
727 2641 848 2730 abipso
868 2643 1031 2710 Aristotele
1051 2645 1183 2732 profectu
1194 2666 1259 2710 esse
1271 2644 1379 2732 putet?

489 2841 627 2909 Ἐλθὼν
654 2841 730 2917 δ’ἒς
756 2841 885 2909 κλεινὸν
910 2845 1096 2928 Κεκροπίης
1121 2843 1278 2925 δάπεδον,

450 2980 618 3068 Εὐσεβέως
643 2987 758 3063 σεμνῆς
782 2980 892 3065 φιλίης
917 2981 1069 3067 ἱδρύσατο
1092 2984 1201 3070 βωμὸν

493 3120 653 3206 Ἀνδρὸς,
679 3121 716 3186 ὃν
742 3119 812 3185 οὐδ’
837 3124 945 3187 αἰνεῖν
969 3130 1053 3187 τοῖσι
1078 3129 1207 3188 κακοῖσι
1232 3122 1342 3206 θέμις·

447 3262 508 3337 Ὃς
531 3266 629 3344 μόνος
653 3266 673 3343 ἡ·
695 3263 821 3345 πρῶτος
847 3266 983 3344 θνητῶν
1009 3261 1197 3337 κατέδειξεν
1218 3260 1377 3348 ἐναργῶς,

492 3402 611 3484 Οἷκείῳ
635 3426 668 3464 τε
693 3401 755 3486 βίῳ
780 3403 834 3464 καὶ
859 3399 1029 3483 μεθόδοισι
1053 3400 1158 3480 λόγων

315 3604 321 3619 ‚
423 3586 424 3590 ,
447 3543 504 3615 ‘524-
528 3540 656 3618 α’γαθος
681 3565 714 3604 τε
739 3542 794 3603 καὶ
821 3537 983 3622 εὐδαίμων
1008 3541 1075 3622 ἅμα
1098 3541 1226 3618 γίνεται
1251 3539 1334 3626 ἀνὴρ

491 3680 537 3744 Οὐ
564 3686 622 3747 νῦν
648 3678 678 3743 δ’
693 3678 761 3744 ἔστι
786 3678 902 3766 λαβεῖν
927 3678 1036 3745 οὐδενὶ
1061 3684 1165 3744 ταῦτά
1188 3705 1279 3744 ποτε.

448 3896 543 3961 Recte
572 3895 631 3960 Ad.
662 3893 753 3960 Stahr
782 3893 801 3958 l.
832 3916 857 3960 o.
890 3893 925 3959 Τ.
951 3895 978 3959 1.
1008 3915 1036 3981 p.
1060 3896 1111 3958 62.
1135 3892 1212 3958 nihil
1234 3893 1381 3980 impedire

403 4035 495 4113 dicit,
522 4034 685 4120 quominus
710 4032 866 4098 credamus
889 4055 989 4098 revera
1011 4030 1049 4098 ab
1070 4031 1234 4099 Aristotele
1257 4033 1378 4099 Platoni

402 4174 531 4239 dicatam
562 4196 626 4238 esse
656 4194 752 4249 aram,
785 4193 852 4236 eum
885 4194 931 4237 res
954 4195 1006 4260 per
1028 4195 1060 4237 se
1082 4171 1245 4260 probabilis
1268 4174 1325 4252 sit;
1349 4179 1379 4238 et

402 4313 584 4399 reliquorum
612 4312 795 4397 conjecturis
818 4316 953 4376 nostram
976 4311 1102 4397 adjicere
1123 4312 1230 4390 lioeet3
1253 4334 1291 4377 ex
1313 4335 1376 4377 om·

402 4453 492 4518 nibus
525 4452 573 4517 his
605 4451 740 4518 versibus
770 4451 823 4516 uni
854 4450 926 4516 huic
958 4448 1076 4535 ἀνδρὸς
1108 4476 1138 4514 κ.
1173 4476 1203 4515 τ.
1236 4454 1262 4513 ἑ.
1296 4452 1379 4517 oolor
