3592 5400
642 549 684 592 ue
700 549 951 594 cousscmmons
967 549 1156 595 srnrusnuu.
1401 533 1461 601 211

343 704 466 764 Lueiau.
479 703 558 762 deor.
571 722 651 761 conc.
664 705 716 762 12:
732 697 798 761 ἀλλ’
813 689 873 769 ἤδη
884 708 943 773 πῖις
954 696 1033 773 λίθος
1045 701 1164 774 καὶτοῖς
1175 700 1275 788 βωμὸς
1286 692 1464 789 χρησμῳδεῖ,

343 807 422 884 θςᾶν
432 809 526 890 ἐλαίῳ
537 806 681 895 περιχυθῇ
687 858 695 885 ,
707 810 759 871 καὶ
769 808 933 896 στεφάνους
943 814 997 896 ἔχη
1009 810 1060 872 καὶ
1071 809 1180 899 γόητος
1192 801 1296 898 ἀνδρὸς
1308 812 1464 900 εῦπορήσρ.

403 925 521 1002 Apulei.
542 924 669 982 floridor.
690 927 715 982 l.
735 928 768 983 l:
794 925 921 1001 „Neque
941 926 1019 982 enim
1040 925 1146 984 iustius
1166 927 1333 1003 religiosam
1353 947 1463 986 moram

339 1034 447 1095 viatori
467 1034 608 1092 obiecerit
627 1044 679 1093 aut
697 1054 749 1092 ara
768 1035 888 1115 floribus
909 1036 1044 1112 redimita
1064 1081 1071 1095 .
1090 1079 1098 1094 .
1120 1038 1166 1095 vel
1185 1056 1306 1114 caespes
1326 1037 1464 1097 libamine

339 1147 508 1223 humigatus
522 1146 569 1202 vel
584 1145 661 1220 lapis
677 1146 804 1222 unguine
818 1146 964 1204 delibutus
981 1189 1009 1204 ..
1039 1146 1157 1224 Negant
1171 1148 1279 1206 vidisse
1295 1167 1342 1219 se,
1357 1148 1408 1225 qui
1422 1148 1464 1208 ibi

337 1257 421 1314 fuere
429 1299 439 1327 ,
453 1275 544 1314 unum
559 1256 663 1313 saltem
679 1255 709 1312 in
724 1256 831 1313 finibus
846 1257 909 1315 eius
923 1265 975 1314 aut
985 1257 1112 1333 lapidem
1127 1267 1246 1315 unctum
1260 1266 1311 1316 aut
1322 1258 1463 1318 ramum.'’

340 1365 436 1426 (ilem.
456 1367 505 1424 Al.
525 1374 626 1424 strom.
645 1367 706 1442 lp.
724 1367 800 1425 713:
823 1365 851 1423 οί
871 1351 984 1424 δἀῦτοὶ
1003 1355 1086 1424 οὗτοι
1104 1371 1164 1425 πᾶν
1184 1347 1272 1436 ξύλον
1294 1364 1346 1426 καὶ
1363 1361 1465 1427 πάντα

340 1469 423 1535 λίθον
436 1469 475 1533 τὸ
491 1460 529 1540 δὴ
543 1471 706 1559 λεγόμενον
720 1472 845 1556 λιπαρὸν
859 1481 1106 1559 προσκυνοῦντες,
1127 1477 1190 1560 ἔρια
1209 1473 1304 1561 πυρραὶ
1318 1474 1370 1536 καὶ
1383 1477 1464 1537 ἁλῶν

340 1571 483 1668 χόνδρους
501 1581 552 1643 καὶ
573 1570 669 1661 δᾷδας
690 1582 815 1644 σκίλλαν
837 1584 945 1645 τεκαὶ
966 1580 1046 1645 θεῖον
1067 1572 1190 1646 lediart.
1226 1591 1335 1650 Amob.
1359 1593 1386 1661 l,
1409 1591 1463 1649 22:

342 1673 394 1771 ,Si
415 1697 532 1772 quando
553 1715 760 1772 conspexeram
786 1699 961 1756 lubricatum
989 1698 1116 1774 lapidem
1137 1706 1166 1756 et
1187 1719 1222 1757 ex
1242 1700 1311 1757 olivi
1337 1700 1473 1777 unguine'

340 1807 530 1878 sordidatum,
546 1815 685 1882 tanquam
701 1809 812 1866 inesset
826 1809 871 1866 vis
885 1826 1027 1884 praeseus
1042 1808 1191 1879 adulabar,
1206 1809 1319 1867 affabar
1332 1817 1363 1867 et
1376 1811 1464 1867 bene-

341 1918 408 1975 tieia
421 1919 577 1995 poscebam
592 1918 665 1975 nihil
685 1919 831 1976 sentiente
845 1919 882 1975 do
895 1917 1028 1977 trunco.''
1064 1920 1109 1977 Ad
1130 1919 1216 1978 istius
1231 1919 1309 1977 modi
1326 1920 1464 1995 „lapides

342 2029 486 2105 effigiatos
501 2037 531 2086 et
548 2036 651 2087 unetos
672 2037 701 2086 et
721 2028 898 2088 coronatos”
921 2029 1030 2088 Minue.
1046 2028 1131 2088 Felix
1147 2031 1176 2100 3,
1195 2032 1209 2087 l
1231 2029 1320 2086 etiam
1335 2037 1463 2088 statuam

342 2137 495 2217 Sarapidis
508 2139 689 2198 adnumerat.

404 2249 776 2328 Magicavistribuebatur
789 2269 886 2321 cerae,
906 2250 996 2321 ricus,
1017 2251 1136 2327 plumbo
1151 2250 1302 2328 inscripto.
1338 2249 1383 2311 ut
1397 2223 1465 2309 mie'

341 2369 401 2419 tam
420 2369 555 2420 auctores
575 2361 717 2431 notiores,
738 2361 855 2419 Psellus
875 2361 913 2418 de
935 2362 1103 2438 operatione
1122 2362 1294 2420 daemonum
1314 2381 1344 2439 p.
1360 2363 1400 2421 32
1415 2362 1461 2420 ed.

339 2472 438 2530 Boias.
455 2465 601 2549 (Norimb.
621 2465 713 2548 1838)
729 2472 801 2528 haee
816 2472 918 2529 habet:
941 2455 987 2528 διὸ
1003 2456 1172 2554 (δαιμόνια)
1187 2466 1269 2554 παρὰ
1284 2475 1340 2529 τοῦ
1357 2475 1463 2555 μιαροῦ

337 2587 402 2640 τῶν
417 2575 537 2664 γοήτων
551 2575 654 2664 γένους
668 2577 720 2638 καὶ
734 2566 877 2662 μολύβδῳ
898 2576 949 2637 καὶ
968 2585 1051 2661 κηρῷ
1072 2576 1123 2637 καὶ
1142 2579 1241 2659 λεπτῇ
1260 2565 1463 2663 προσδεθέντα

338 2688 420 2777 μίτῳ
442 2676 492 2750 διὰ
509 2695 572 2750 τῶν
594 2684 743 2775 ἀθεμίτων
762 2688 954 2774 ἀρορκισμῶν
968 2683 1051 2756 πάθη
1066 2686 1197 2775 τραγικοὶ
1216 2677 1462 2775 κατεργάζονται.

337 2805 383 2863 Id.
400 2803 471 2879 quid
487 2802 592 2863 Graeci
612 2803 648 2861 de
663 2803 850 2861 daemonibus
864 2803 1014 2861 senserint
1032 2822 1061 2878 p.
1078 2804 1134 2861 40:
1157 2794 1196 2859 'H
1212 2786 1244 2860 δὲ
1260 2797 1371 2886 μαγεία
1385 2802 1463 2879 apud

336 2914 472 2974 Graecos
486 2905 653 2997 ἀγάλματί
667 2930 703 2970 τε
722 2908 877 2996 ῦρίστησιν
897 2909 996 2997 ὑγείας
1010 2906 1233 2994 περιποιητικά,
1255 2907 1306 2969 καὶ
1320 2906 1464 2996 ογηματα

336 3029 473 3083 ποιεῖται
487 3009 684 3098 παντοδαπά,
700 3020 751 3081 καὶ
764 3018 907 3082 νοσοποισὶ
919 3008 1172 3107 δημιουργήματα
1179 3017 1272 3106 Ιἕτεροι
1283 3066 1291 3081 .
1304 3066 1311 3081 .
1326 3018 1415 3105 κηρὸς
1430 3007 1463 3081 δὲ

338 3131 394 3192 καί
407 3128 506 3203 πηλὸς
524 3133 565 3202 εἰς
577 3128 633 3202 ταὶς
648 3138 710 3190 τῶν
731 3131 840 3217 μορίων
860 3128 1044 3217 συμπλάσεις
1063 3126 1353 3216 παραλαμβάνονται
1371 3176 1396 3190 ..
1412 3129 1463 3190 καὶ

339 3229 497 3327 θιαμειθιᾷ
512 3238 565 3327 μὲν
579 3237 624 3326 ἐρ’
645 3242 761 3302 ἑαυτῶν
776 3237 945 3327 ἀγάλματα
961 3286 987 3300 ..
1023 3245 1068 3301 Ad
1089 3244 1287 3301 consecranda
1307 3243 1464 3300 simulacra

338 3357 378 3414 ab
392 3355 548 3436 Aegyptiis
562 3355 797 3412 efficacissimum
817 3354 915 3430 putari
934 3352 1117 3428 accipitrem,
1140 3352 1186 3410 eui
1201 3360 1314 3410 mortuo
1329 3351 1373 3409 ris
1389 3351 1462 3409 divi-

340 3466 431 3524 nandi
446 3454 622 3536 inhaereat,
633 3464 813 3541 Porphyrius
828 3463 920 3521 tradit
933 3464 969 3520 de
984 3463 1059 3520 abst.
1076 3464 1105 3532 4,
1122 3464 1140 3520 9
1156 3482 1185 3538 p.
1203 3463 1263 3520 326
1278 3460 1387 3519 Rboer.

406 3579 447 3636 nt
461 3576 559 3634 taedet
572 3576 630 3633 iarn
647 3577 748 3633 harum
762 3591 914 3651 nugarum.
952 3573 1051 3647 Quare
1071 3571 1193 3632 abiectis
1213 3572 1299 3628 rebus
1318 3569 1460 3641 ridiculis,

341 3706 417 3763 quas
436 3688 473 3745 de
492 3687 620 3763 parando
640 3694 787 3763 unguento
807 3685 934 3761 magico,
960 3685 997 3741 de
1021 3682 1197 3740 carminibus
1215 3680 1397 3751 accinendis,
1425 3682 1462 3738 do

340 3797 476 3857 formulis
491 3799 584 3856 sacris
598 3796 793 3855 inscribendis
813 3796 974 3872 permultas
993 3793 1122 3867 undique
1140 3791 1258 3869 collegi,
1279 3810 1314 3849 eo
1333 3810 1381 3848 me
1395 3809 1462 3849 eou-

343 3917 441 3985 verto,
455 3916 487 3966 ut
502 3907 670 3976 ostendam,
691 3926 744 3982 per
763 3914 854 3964 totum
874 3906 936 3963 fere
956 3904 1083 3962 medium
1102 3921 1205 3959 aevum
1220 3901 1385 3960 simulacris
1400 3909 1462 3960 arte

342 4020 457 4098 uragica
471 4017 648 4077 consecratis
663 4017 720 4074 vim
735 4017 937 4075 admirabilem
952 4033 1018 4074 esse
1031 4014 1179 4071 tributam.
1212 4012 1369 4087 Byzantini
1384 4014 1461 4070 enim

342 4129 567 4188 illasimulacra
580 4106 669 4187 abea
681 4136 779 4203 parte,
795 4127 934 4204 adquam
949 4130 1129 4202 spectarent,
1149 4124 1250 4182 hostes
1264 4123 1398 4192 allicere,
1413 4123 1462 4180 de·

342 4239 424 4299 fossa
437 4241 539 4298 hostes
557 4257 658 4296 arcere
678 4240 828 4313 putabant.
865 4238 988 4311 Procop.
1009 4234 1078 4292 bell.
1101 4233 1190 4292 Goth.
1209 4235 1236 4302 1,
1255 4233 1292 4291 15
1308 4252 1337 4307 p.
1355 4232 1404 4302 78,
1424 4234 1459 4289 ll

343 4351 451 4408 Dind.:
467 4340 611 4431 Ῥωμαῖοι
621 4348 748 4407 Palladii
764 4342 864 4404 εἰκόνα
878 4339 952 4422 λίθῳ
965 4340 1022 4402 τινὶ
1034 4334 1297 4428 ἐγκεκολαμμένην
1313 4325 1462 4396 δεικνύου-

345 4479 403 4530 σιν,
423 4455 488 4529 ἥτις
510 4444 547 4525 θη
568 4455 619 4516 καὶ
638 4457 666 4526 ἐς
682 4452 735 4539 ἐμὲ
756 4455 788 4514 έν
801 4462 846 4532 τῷ
861 4460 916 4525 τῆς
931 4447 1031 4537 Τύχης
1051 4454 1119 4535 ἱερῷ
1138 4446 1194 4532 πρὸ
1208 4454 1263 4506 τοῦ
1278 4448 1394 4531 χαλκοῦ
1408 4453 1463 4517 τῆς

345 4563 468 4640 Ἀθηνᾶς
482 4564 660 4654 ἀγάλματος
671 4573 778 4643 κεῖται,
794 4562 865 4648 ὅπερ
881 4558 993 4648 αίθριον
1005 4562 1035 4633 ές
1049 4557 1089 4621 τοὶ
1100 4555 1171 4642 πρὸς
1186 4553 1226 4634 ἕω
1241 4563 1296 4617 τοῦ
1311 4553 1368 4617 νεὼ
1383 4542 1463 4639 ἵδρυ-

1212 4672 1259 4722 ll*
