3592 5400
944 602 985 664 58

477 808 550 873 nino
572 809 761 875 retinendum
785 809 911 888 videtur,
935 810 1016 895 quod
1035 811 1099 897 jam
1122 811 1236 879 editum
1259 811 1353 876 fuisse
1375 811 1457 877 vide-

477 970 544 1013 mus
568 946 719 1030 ἐμποδών
744 951 800 1014 τοῦ
823 953 866 1032 μὴ
891 975 922 1013 κ.
948 974 978 1013 τ.
1005 954 1032 1013 ἑ.

930 1177 1020 1243 XIV.

521 1403 599 1468 Ibid.
628 1406 666 1472 V.
697 1411 725 1471 2.
756 1410 785 1471 4.
819 1403 973 1483 ἐγένοντο
1011 1407 1043 1471 οἱ
1075 1404 1251 1493 διαβάντες
1282 1404 1459 1489 πλείουςῆ

478 1546 522 1618 εἰς
558 1542 737 1630 δισχιλίους
772 1544 972 1630 ἀνθρώπους
1006 1553 1036 1612 et
1064 1545 1137 1611 ibid.
1168 1548 1186 1631 δ
1220 1549 1270 1612 17.
1299 1547 1456 1611 παίουσιν

480 1680 754 1768 ἐκδεδραμηκότες
778 1684 853 1759 τούς
878 1683 977 1749 ἔνδον
998 1684 1210 1770 ἀνθρώπους.
1233 1685 1371 1771 Utroque
1389 1686 1458 1752 loco

475 1821 554 1887 illud
576 1821 776 1907 ἀνθρώπους
800 1822 933 1909 glossam
956 1826 1050 1911 sapit,
1073 1846 1150 1909 quae
1172 1824 1363 1911 exstirpetur.

932 2048 1003 2114 XV.

521 2279 598 2345 Ibid.
632 2281 649 2364 δ
682 2282 710 2345 5.
742 2280 797 2343 καὶ
829 2280 891 2363 γάρ
925 2282 1045 2364 τάφρος
1075 2274 1115 2360 ἦν
1148 2283 1221 2365 περὶ
1246 2280 1325 2345 αὐτὸ
1349 2280 1458 2367 εὐρεῖα

477 2417 741 2506 ἀναβεβλημένη.
763 2418 920 2507 Perperam
940 2419 1080 2486 nonnulli
1099 2421 1276 2508 interpretes
1287 2422 1459 2509 intelligere

477 2558 551 2623 mihi
574 2559 714 2625 videntur
733 2559 839 2637 uliam,
861 2565 976 2646 praeter
999 2582 1088 2647 supra
1112 2561 1170 2644 §3
1196 2568 1457 2628 commemoratam

479 2696 659 2785 χαράδραν,
685 2700 721 2763 τὸ
747 2699 865 2785 χωρίον
889 2699 1127 2766 circumductam
1151 2700 1276 2765 fossam:
1300 2723 1391 2787 quare
1411 2703 1457 2767 in·

477 2845 591 2902 seratur
621 2836 766 2902 articulus
797 2842 827 2903 et
857 2837 976 2924 legatur
998 2833 1038 2919 ἦν
1063 2841 1124 2924 γάρ
1150 2845 1171 2920 ἡ
1193 2842 1315 2923 τάφρος
1338 2845 1359 2922 ἡ
1383 2842 1456 2925 περὶ

477 2978 556 3040 αὐτὸ
581 2975 688 3061 εὐρεῖα
711 2974 977 3061 ἀναβεβλημένη.

924 3204 1014 3269 XVI.

521 3432 599 3499 Ibid.
631 3435 648 3518 β
681 3436 731 3499 ll.
763 3429 909 3497 ἐκέλευσε
943 3436 1000 3497 τὸν
1037 3430 1134 3518 λόχον
1158 3430 1298 3497 ἕκαστον
1324 3440 1457 3515 ποιῆσαι

476 3577 543 3637 τῶν
576 3572 727 3657 λοχαγῶν
758 3574 801 3647 ὡς
831 3575 875 3637 άν
911 3578 1069 3655 κράτιστα
1093 3573 1202 3656 οἴηται
1227 3572 1456 3649 ἀγωνιεῖσθαι.

478 3713 561 3778 Ηοοο
586 3714 630 3777 sic
649 3712 709 3799 legi
737 3712 852 3778 malim:
878 3711 1025 3777 ἐκέλευσε
1050 3716 1117 3777 τῶν
1144 3712 1295 3799 λοχαγῶν
1319 3712 1460 3780 Γἕκαστον

476 3859 610 3933 ποιῆσαι
635 3856 692 3916 τὸν
717 3850 828 3937 λόχον,
855 3852 899 3925 ὥς
922 3853 966 3916 ἂν
992 3876 1022 3913 ιι.
1048 3876 1079 3914 τ.
1104 3855 1130 3914 ἑ.

910 4065 1019 4131 XVII.

520 4293 598 4359 Ibid.
623 4294 640 4377 ξ
666 4294 708 4357 13
731 4297 761 4357 et
787 4295 837 4357 14.
860 4291 899 4356 In
923 4292 976 4369 iis,
1002 4315 1077 4377 quae
1094 4290 1204 4356 ibidem
1225 4291 1370 4378 leguntur
1382 4291 1460 4357 alius

476 4434 566 4505 aliter
606 4432 740 4525 protasin
784 4454 852 4498 cum
894 4431 1017 4521 apcdosi
1047 4431 1215 4498 coustituit.
1252 4430 1366 4496 Verba:
1403 4434 1458 4495 καὶ
