3592 5400
381 548 413 591 vr
860 541 1039 606 ruossano.

384 718 451 758 esse
473 699 582 756 editos:
605 696 744 755 dimetros
766 696 858 754 troch.
881 703 912 754 et
933 702 1117 753 tetrametros
1139 702 1291 770 anapaest.
1312 693 1391 769 apud
1413 712 1502 751 unum

382 809 576 886 Porphyrium
592 807 723 884 reperiri.
756 806 877 865 Accedit
896 812 928 862 ut
950 806 1027 863 idem
1041 805 1171 863 Hecatae
1186 822 1301 881 quoqne
1320 804 1502 880 aliorumque

355 932 357 939 '
383 920 500 978 deorum
516 917 633 978 oracula
647 916 766 988 afferat,
783 917 832 994 qui
847 935 995 992 nunquam
1010 923 1108 974 vatum
1124 935 1173 973 ore
1187 915 1219 972 in
1234 915 1367 991 templis,
1385 914 1438 973 sed
1450 934 1503 991 per

383 1030 496 1090 somnia
510 1035 624 1088 tantum
644 1047 676 1087 se
697 1027 853 1086 offerentes
873 1027 1054 1085 nutantibus
1075 1026 1190 1084 arcanis
1206 1025 1316 1084 evocati
1336 1025 1502 1102 patefacere

383 1160 430 1199 res
445 1140 596 1198 venientes
611 1139 672 1198 sint
687 1139 799 1197 crediti.
824 1136 882 1198 Sed
898 1137 1063 1196 huiusmodi
1077 1155 1192 1213 quoque
1207 1155 1348 1214 responsa
1359 1136 1389 1193 in
1402 1155 1502 1193 nume-

290 1280 293 1285 *
382 1270 478 1308 rorum
494 1250 616 1309 formam
631 1250 749 1307 redacta
764 1248 942 1307 circumferri
957 1247 1098 1324 exemplis
1114 1247 1192 1304 haud
1205 1247 1305 1323 paucis
1322 1247 1453 1316 ostendi,
1474 1254 1503 1304 et

382 1361 432 1438 qui
448 1361 604 1436 scriptores
620 1360 733 1418 somnia
747 1359 921 1437 collegerint
941 1359 1070 1435 exposui.
1098 1357 1155 1415 His
1175 1358 1262 1416 rebus
1282 1358 1418 1416 omnibus
1437 1376 1502 1434 per·

382 1470 483 1547 pensis
499 1469 613 1540 censui,
630 1470 689 1528 alia
705 1470 862 1547 Porphyrii
877 1470 996 1528 oracula
1010 1477 1108 1527 vatum
1123 1488 1172 1527 ore
1186 1469 1217 1525 in
1233 1467 1366 1544 templis,
1384 1467 1445 1526 alia
1458 1467 1502 1524 in-

383 1580 557 1640 cubantibus
573 1581 817 1656 euocantibusqne
836 1580 906 1638 data
922 1599 1004 1655 esse,
1023 1579 1083 1637 alia
1097 1579 1222 1638 conficta
1236 1597 1254 1636 a
1269 1557 1392 1637 Graecis
1407 1598 1501 1655 gram-

354 1680 357 1687 ’
384 1690 513 1760 maticis‚
529 1690 707 1761 Platonicis,
722 1691 856 1749 doctrina
866 1689 999 1748 Orientis
1013 1689 1148 1759 imbutis,
1164 1689 1224 1746 alia
1238 1688 1326 1746 etiam
1340 1688 1502 1746 abludaeis

384 1800 497 1861 Graece
513 1799 620 1858 doctis:
641 1801 850 1878 Porphyrium,
872 1821 960 1878 quum
975 1808 1035 1857 tam
1050 1799 1157 1858 litteris
1173 1799 1302 1857 eruditus
1322 1818 1411 1875 quarn
1430 1799 1502 1857 iudi-

385 1911 429 1968 cio
444 1931 546 1987 parum
561 1929 652 1988 sagas
667 1919 761 1997 esset,
777 1929 836 1969 non
851 1910 1008 1981 fefellisse,
1024 1910 1076 1968 sed
1090 1911 1187 1985 ipsum
1202 1929 1267 1968 esse
1281 1909 1398 1968 falsum.
1425 1911 1503 1968 Vera

384 2021 462 2080 enim
484 2021 535 2078 ille
555 2022 674 2079 deorum
694 2039 836 2099 responsa
856 2021 983 2091 censuit3
1003 2040 1077 2096 quae
1098 2018 1275 2079 Christianis
1295 2020 1447 2096 opposuit,
1466 2039 1502 2076 ne

385 2132 440 2191 soli
462 2132 624 2190 doctrinam
644 2131 781 2190 divinitus
802 2131 951 2207 accepisse
971 2131 1146 2188 viderentur.
1176 2133 1273 2236 Aotque
1292 2132 1336 2188 ita
1354 2150 1417 2187 rem
1437 2148 1502 2188 con·

384 2241 467 2312 fecit,
483 2249 515 2299 ut
528 2242 622 2317 primo
637 2241 712 2299 libro
728 2241 763 2298 de
779 2241 835 2298 diis
851 2241 1029 2317 disputaret,
1045 2242 1137 2298 altero
1150 2241 1186 2298 de
1198 2240 1401 2311 daemonibus,
1417 2240 1502 2298 tertio

385 2351 421 2409 de
435 2351 586 2410 heroibus:
610 2369 704 2426 neque
725 2351 801 2408 enim
816 2351 916 2428 plures
931 2351 1022 2410 fuisse
1037 2351 1128 2412 libros
1145 2371 1180 2409 ex
1195 2350 1292 2410 codice
1306 2349 1502 2427 Neapolitano

384 2469 600 2540 argumentatus
616 2481 689 2521 sum.

447 2571 560 2631 Horum
575 2573 715 2633 librorum
730 2571 861 2648 reliquiis
878 2573 995 2632 oracula
1010 2573 1151 2648 quaedam
1163 2558 1327 2649 Porphdrio
1341 2572 1503 2649 posteriora

384 2683 469 2761 quasi
488 2682 716 2742 additamentum
737 2683 844 2754 adieci,
872 2684 941 2760 quia
963 2681 1105 2743 Steuchus
1127 2682 1314 2763 Eugubinus,
1340 2683 1389 2761 qni
1413 2682 1503 2741 edidit

384 2794 509 2871 primus,
532 2794 689 2871 Porphyrii
705 2813 770 2852 esse
785 2794 866 2852 dixit.
899 2793 1081 2871 Quamquam
1098 2795 1203 2852 erroris
1218 2795 1335 2871 quidem
1350 2794 1395 2852 vir
1409 2795 1501 2851 erudi-

351 2967 356 2980 ·
385 2903 517 2962 tissimus
540 2903 640 2962 eodem
663 2904 714 2961 illo
737 2904 834 2961 codice
856 2903 1052 2981 Neapolitano
1081 2905 1253 2983 coarguitur.
1291 2906 1445 2963 Postremo
1466 2923 1502 2961 ne

324 3074 327 3081 ,
385 3032 471 3089 quem
487 3033 582 3071 rerum
599 3014 728 3071 turbaret
742 3014 882 3085 varietas,
897 3015 1042 3074 indicibus
1056 3015 1178 3092 providi.
