3592 5400
401 499 441 562 62
634 519 729 563 oarur
744 521 785 562 1v.
807 520 849 561 uu
865 519 1072 563 oanouuonun
1087 519 1286 562 corruamus.
1379 492 1382 497 ’

399 676 525 732 buerunt
540 666 585 751 (G.
601 674 736 732 Muelleri
751 675 786 732 fr.
802 675 871 732 hist.
889 675 941 734 Gr.
957 675 1025 751 11p.
1041 667 1102 752 10).
1124 674 1260 732 Welclrer
1274 674 1345 748 cycl.
1358 693 1404 749 ep.
1420 693 1451 749 p.
1465 674 1520 732 75:

401 784 580 860 „Dionysius
597 782 714 843 Samius
729 785 807 843 Mus.
823 784 853 855 f.,
871 785 935 859 qui,
955 786 1032 859 quod
1048 783 1127 843 Solis
1144 785 1220 861 apud
1236 784 1367 842 Rhodios
1383 784 1520 842 sacerdos

399 905 477 972 erat,
492 896 568 953 idem
583 896 716 954 Rhodius
726 896 935 982 ¹appellabatur
949 897 1073 954 secundo
1092 888 1171 973 (ante
1186 887 1269 971 Chr.)
1291 895 1406 953 saeculo
1420 895 1521 971 potius

360 1040 363 1044 Δ
398 1027 486 1084 quam
506 1007 597 1064 multo
617 1014 685 1064 ante
704 1007 818 1065 videtur
837 1004 1000 1065 floruisse.“
1031 1005 1208 1064 Tertulliani
1229 1024 1340 1062 memor
1355 1006 1466 1064 Bernb.
1482 1006 1521 1063 ad

398 1116 518 1178 Suidam
541 1136 565 1175 a.
587 1117 732 1192 Dionysio
755 1117 914 1194 significat,
936 1117 1133 1194 inDiogenis
1155 1110 1251 1175 Laert.
1277 1120 1303 1174 1.
1331 1119 1379 1174 11.
1397 1119 1453 1186 38,
1469 1117 1519 1176 ubi

397 1221 548 1297 Διονύσιος
562 1225 593 1285 ἐν
608 1233 749 1310 κριτικοῒς
764 1223 918 1286 Thaletem
937 1229 1082 1302 quendam
1102 1229 1232 1304 ignotum
1247 1228 1520 1286 commemoravisse

397 1340 535 1410 traditur,
552 1339 737 1398 scribendum
748 1358 813 1398 esse
829 1337 1072 1420 ὀνειροκριτικοῒᾳ
1093 1339 1295 1397 Artemidorus
1312 1339 1341 1396 2.
1355 1340 1404 1397 66.
1416 1359 1446 1415 p.
1457 1339 1517 1398 243

396 1451 486 1509 Reiff.
502 1450 656 1509 hirundine
671 1450 702 1507 in
718 1450 840 1508 somniis
855 1451 897 1507 ait
911 1451 1019 1507 luctum
1034 1449 1171 1525 praedici.
1202 1441 1284 1512 Φησὶ
1297 1443 1356 1531 γὰρ
1373 1445 1423 1505 καὶ
1438 1440 1519 1506 Ἀλέ-

397 1545 520 1644 ξανδρος
545 1559 561 1617 ὁ
587 1544 719 1629 Musicae
742 1544 804 1618 datr
825 1566 892 1629 ταῖς
914 1555 1052 1641 ἱστορίαις
1072 1550 1239 1631 πείθεσθαι,
1262 1554 1313 1616 καὶ
1328 1551 1479 1627 Διονύσιος
1501 1557 1518 1615 ὁ

397 1663 632 1739 Ἡλιουπολίτης.
663 1669 725 1759 8ρ1.
746 1662 880 1728 ὀἩλίου
894 1664 1058 1753 προφήτης.

460 1781 710 1858 Epicharmum
730 1783 931 1840 Tertullianus
950 1782 971 1839 1.
988 1800 1089 1839 comm.
1110 1788 1177 1856 post
1198 1781 1406 1840 Philochorum
1427 1783 1517 1840 collo·

397 1901 457 1965 cat3
473 1900 503 1952 et
513 1894 675 1970 paulopost
684 1893 741 1950 ait:
757 1894 969 1968 „Epicharmus
981 1892 1068 1949 etiam
1081 1910 1223 1949 summum
1232 1893 1345 1968 apicem
1353 1893 1432 1951 inter
1444 1893 1517 1950 divi-

396 2005 529 2063 nationes
546 2003 785 2074 somniis-‚extulit
800 2021 863 2060 cum
878 2003 1053 2062 Philochoro
1069 1999 1270 2061 Atheniensi.“
1297 2004 1401 2078 ltaque
1415 2004 1516 2062 Philo-

394 2117 483 2174 choro
504 2136 569 2174 eum
592 2115 781 2192 posteriorem
801 2114 892 2172 fuisse
912 2114 1051 2184 arbitrem
1074 2121 1152 2171 certe
1173 2119 1288 2190 potatam
1310 2111 1403 2171 Coum
1423 2115 1517 2172 fuisse

337 2301 340 2306 .
396 2246 480 2284 nemo
502 2226 625 2301 putabit.
657 2227 780 2284 Praeter
798 2225 1013 2284 Tertullianum
1036 2225 1085 2299 qui
1108 2225 1171 2282 eius
1193 2225 1369 2283 sententiam
1393 2242 1458 2302 cap.
1475 2227 1514 2284 47

395 2337 496 2394 affert:
513 2335 668 2412 „quoniam
679 2354 737 2392 non
754 2343 799 2394 est
815 2355 849 2392 ex
860 2335 980 2393 arbitrio
996 2335 1140 2393 somniare
1153 2369 1188 2379 —-
1200 2354 1268 2393 nam
1280 2342 1309 2393 et
1319 2335 1517 2412 Epicharmus

334 2465 336 2469 ·
395 2448 437 2505 ita
452 2443 571 2518 sentit“,
587 2466 671 2505 nemo
686 2453 901 2506 commemorat.

458 2559 698 2618 Alexandrum
724 2559 875 2634 Myndium
895 2558 1096 2616 Artemidorus
1119 2557 1301 2634 expedivisse
1327 2566 1416 2634 negat
1435 2559 1513 2628 167,

394 2671 464 2747 quid
485 2689 591 2748 caepae
614 2688 746 2729 comesse
768 2670 947 2747 significent,
976 2669 1005 2727 ΙΙ
1028 2670 1062 2740 9,
1084 2668 1154 2744 quid
1176 2669 1215 2727 sit
1235 2667 1358 2726 fulmine
1384 2669 1513 2746 percuti3

394 2783 422 2840 11
439 2783 477 2840 66
493 2802 559 2838 eum
573 2799 637 2838 cum
652 2780 796 2857 Dionysio
812 2780 927 2839 Rhodio
942 2780 1098 2857 coniungit.
1122 2780 1174 2838 Bis
1190 2780 1357 2838 Alexander
1370 2780 1515 2839 bellorum

395 2892 480 2949 Marii
496 2892 671 2956 mentionem
683 2891 765 2947 facit:
781 2911 827 2966 ap.
843 2891 923 2949 Plut.
939 2891 989 2948 vit.
1004 2891 1088 2948 Marii
1109 2892 1144 2948 17
1161 2891 1290 2948 vultures
1305 2890 1395 2947 tradit
1409 2891 1514 2961 Mario,

394 3009 551 3077 antequam
566 3019 630 3059 cum
646 3001 826 3059 Teutonibus
847 3002 1021 3071 conflixerit,
1037 3002 1189 3078 augurium
1204 3001 1321 3072 tulisse,
1341 3020 1388 3077 ap.
1405 3003 1513 3062 Athen.

394 3112 430 3170 V.
448 3112 506 3171 ati
524 3113 552 3170 b.
573 3131 744 3189 gorgonem,
768 3112 877 3170 animal
896 3113 1054 3188 Libycum,
1077 3111 1109 3169 in
1134 3113 1209 3170 bello
1231 3112 1404 3189 Iugurthino
1427 3113 1514 3169 Marii

393 3222 475 3281 iussu
491 3242 556 3282 esse
570 3222 761 3281 interfectam.
786 3223 883 3297 Quum
897 3224 953 3280 hae
968 3242 1016 3281 res
1031 3242 1049 3280 a
1064 3222 1180 3281 nemine
1195 3222 1253 3280 alio
1268 3229 1432 3292 narrentur,
1450 3224 1513 3281 Ma·

393 3333 429 3391 rii
455 3334 546 3393 aetati
573 3334 686 3392 videtur
709 3333 879 3393 coniunctus
905 3334 1005 3392 fuisse.
1039 3334 1120 3391 Idem
1143 3352 1189 3391 res
1212 3333 1361 3415 fabulosas
1384 3334 1513 3391 narravit

394 3436 542 3526 (μυθικὰ),
564 3463 685 3519 quarum
704 3445 810 3503 librum
830 3464 938 3502 nonum
960 3444 1047 3521 Diog.
1062 3445 1117 3504 La.
1132 3446 1156 3503 Ι.
1174 3446 1202 3503 7.
1219 3445 1258 3514 23
1278 3439 1512 3513 commemor-ad,

394 3561 422 3612 et
437 3557 548 3631 aliquot
562 3556 653 3615 libros
668 3557 703 3613 de
719 3556 894 3614 animalibus
910 3555 1014 3626 edidit,
1030 3555 1079 3613 ubi
1093 3555 1216 3613 formam
1229 3554 1368 3627 cuiusque
1383 3562 1414 3611 et
1424 3556 1513 3612 ratio-

392 3685 473 3737 nem,
494 3666 601 3725 fabulis
616 3668 716 3725 multis
731 3666 881 3737 admixtis,
898 3658 1067 3742 explicuiti,
1101 3666 1205 3742 Neque
1219 3666 1341 3723 multum
1361 3684 1380 3722 a
1400 3666 1511 3724 divina-

445 3889 453 3921 ¹
476 3889 514 3941 Eo
526 3886 649 3957 Hesychii
660 3889 696 3957 gl.
711 3890 830 3958 quamvis
843 3895 963 3959 corrupta
974 3889 1103 3958 pertinere
1114 3892 1213 3957 potest:
1234 3885 1410 3955 ὑπομέλαθρα,
1428 3886 1511 3957 'Apri-

393 3973 463 4042 μιδος
481 3972 597 4042 ἐπίθετον,
616 3970 648 4033 ὡς
668 3971 681 4025 ὁ
699 3975 812 4034 Μύνδιος.
876 3974 878 3978 ’

444 4058 454 4090 ²
478 4058 536 4110 Duo
548 4059 667 4127 pluresve
679 4060 738 4111 libri
750 4059 803 4128 περὶ
815 4062 864 4110 τῶν
878 4063 972 4124 κτηνῶν
984 4056 1079 4127 ἱστορία
1090 4058 1208 4125 inscripti
1224 4062 1304 4109 eraut.
1334 4057 1402 4109 Nam
1414 4056 1509 4112 Athen.

391 4142 512 4197 11111).
532 4160 592 4195 erim
610 4142 633 4195 ἐν
652 4143 757 4213 δευτέρῳ
776 4162 802 4194 π.
815 4162 852 4197 κτ,
865 4142 913 4198 lar.
933 4146 969 4195 ait
991 4144 1021 4195 de
1044 4158 1174 4211 gorgone,
1196 4141 1285 4193 arium
1302 4143 1447 4214 agrestium
1465 4159 1510 4211 ge·

391 4245 453 4280 nere
470 4228 581 4297 Libyco,
604 4235 630 4280 et
653 4230 683 4280 de
702 4229 798 4295 Libyas
821 4230 905 4281 bobus
927 4228 1117 4296 opisthonomis
1139 4227 1320 4295 disputavisse.
1349 4228 1509 4296 (111111111-

391 4315 496 4382 scripsit
518 4314 635 4367 hastath.
659 4312 863 4366 1111106111.
881 4312 950 4379 b33.l
985 4314 1025 4365 lix
1047 4313 1088 4364 his
1112 4314 1192 4380 igitur
1215 4312 1293 4363 libris
1311 4312 1432 4370 desumta
1449 4319 1509 4364 sunt

392 4414 458 4467 quae
477 4399 507 4450 de
526 4400 618 4452 ovibus
636 4398 773 4465 caprisque
792 4412 832 4465 ap.
845 4396 944 4449 Aelian.
958 4396 1019 4451 hist.
1033 4414 1075 4452 an.
1090 4398 1120 4450 V.
1135 4396 1167 4447 ‘27
1186 4396 1271 4450 tradit.
1307 4397 1366 4449 Duo
1384 4398 1430 4449 alii
1451 4398 1509 4449 libri

391 4486 440 4533 τῶν
459 4487 556 4549 πτηνῶν
575 4485 647 4553 ζῴων
665 4480 773 4550 ἱστορίαι
797 4496 858 4531 nam
876 4479 969 4534 Athen.
981 4481 1020 4532 lx
1032 4482 1081 4534 388
1095 4482 1119 4536 d.
1142 4481 1174 4532 de
1196 4480 1372 4549 porphyrione
1390 4499 1450 4533 eum
1474 4483 1510 4533 ait

391 4566 415 4618 ἐν
434 4569 539 4636 δευτέρῳ
558 4568 671 4636 περὶτῆς
690 4567 750 4634 (scr.
769 4565 894 4634 rheaepll
918 4568 967 4616 τῶν
991 4584 1031 4617 ar.
1050 4565 1157 4634 ἱστορίας
1180 4566 1278 4633 egisse,
1302 4566 1334 4618 da
1356 4566 1454 4635 phasea
1475 4567 1508 4618 id.
