3592 5400
398 485 458 551 106
740 507 837 553 carus
852 508 916 552 vrn.
939 509 980 552 nn
996 509 1167 555 conrcrnus.

395 662 426 720 in
437 663 591 740 Porphyrii
606 662 698 739 ipsius
710 663 889 740 Eusebiique
905 665 1000 724 verbis
1015 679 1114 724 earum
1128 666 1258 743 potiores
1272 668 1389 747 eligam.
1416 668 1511 748 Signis

397 773 555 834 Gaisfordii
570 781 643 833 utar.
671 772 807 834 codicem
822 777 857 846 A,
873 776 943 851 quia
957 777 1179 852 antiquissimus
1194 785 1250 848 est,
1266 779 1298 836 in
1313 786 1394 839 textu
1409 781 1512 841 consti·

397 886 502 944 tuendo
516 885 659 962 imprimis
675 904 795 962 sequor,
815 905 910 964 neque
925 894 1022 945 tamen
1037 888 1144 962 ubique
1159 889 1244 964 sequi
1258 890 1366 962 audeo,
1382 892 1453 967 quia
1467 912 1512 950 ne·

395 1015 451 1073 que
466 1003 549 1054 tanto
563 997 666 1055 melior
682 1004 728 1056 est
740 996 871 1074 reliquis,
887 1005 997 1073 quanto
1012 1005 1058 1057 est
1073 999 1228 1070 vetustior,
1245 1019 1342 1077 neque
1357 1002 1513 1079 interpola·

395 1108 489 1166 tiones
505 1109 620 1165 absunt.
646 1107 733 1166 Haud
747 1108 829 1185 parvi
840 1109 977 1166 momenti
989 1110 1014 1168 B
1027 1116 1081 1180 est,
1099 1109 1231 1170 Cautem
1243 1130 1276 1169 co
1289 1113 1511 1187 commendatur,

395 1219 566 1295 quod-solus
582 1219 744 1296 complures
760 1219 879 1279 lacunas
895 1221 1030 1296 complet.

457 1329 630 1389 Lactantius
651 1347 738 1404 quum
758 1329 858 1388 deira
877 1331 925 1388 dei
946 1332 994 1390 23.
1019 1332 1056 1389 19
1077 1332 1225 1391 oraculum
1244 1334 1420 1406 servaverit,
1441 1336 1513 1413 quod

394 1441 574 1519 Augustinus
589 1442 625 1498 de
640 1440 692 1500 civ.
709 1441 756 1498 dei
774 1442 821 1500 19.
839 1442 877 1499 23
900 1460 936 1499 ex
954 1441 1109 1519 Porphyrii
1129 1442 1166 1500 de
1186 1460 1281 1503 oracc.
1302 1445 1411 1520 philos.
1433 1446 1513 1506 libris

395 1552 491 1623 affert,
506 1551 664 1609 verisimile
679 1559 725 1610 est
740 1552 839 1609 eodem
855 1571 890 1611 ex
905 1551 983 1610 fonte
998 1553 1057 1609 alia
1071 1571 1185 1629 qnoque
1200 1554 1319 1612 deorum
1336 1547 1405 1633 (non
1419 1555 1513 1634 Sibyl·

394 1654 500 1739 larum)
522 1661 639 1720 oracula
653 1681 671 1720 a
685 1662 839 1720 Lactantio
859 1664 965 1722 hausta
985 1681 1060 1722 csse.
1091 1661 1182 1723 Cuius
1202 1665 1360 1740 scriptores
1381 1666 1513 1742 editioni·

395 1774 449 1835 bus
468 1772 668 1842 Buenemanni
689 1767 773 1850 (Lps.
794 1793 820 1831 a.
846 1770 938 1852 1739)
960 1782 989 1832 et
1004 1772 1041 1832 Ο.
1054 1774 1088 1834 F.
1105 1774 1245 1848 Fritzchii
1266 1768 1350 1853 (Lps.
1370 1796 1398 1835 a.
1424 1770 1512 1856 1842)

352 1892 361 1914 ·
396 1902 465 1943 usus
487 1903 564 1955 sum,
585 1885 697 1943 ratione
716 1885 816 1943 habita
837 1881 869 1942 Ο.
887 1885 924 1943 L.
939 1881 1048 1944 Strurii
1069 1891 1099 1941 et
1116 1881 1237 1944 Sedulii.
1261 1885 1394 1960 Quorum
1412 1888 1466 1947 ille
1481 1909 1514 1947 ex

395 1992 542 2056 Lactantii
562 1994 658 2055 codiee
678 1996 910 2074 Regiomontano
935 1996 1043 2073 optimo
1075 2015 1123 2067 ea,
1150 2013 1225 2070 quae
1250 2015 1297 2072 ap.
1324 1996 1514 2059 Lactantium

394 2125 498 2186 graece
512 2108 655 2185 leguntur,
671 2108 701 2164 in
716 2107 933 2183 prolusionibus
949 2106 1132 2166 scholasticis
1147 2107 1331 2184 Regiomont.
1348 2108 1513 2187 descripsit,

394 2218 527 2295 repetitis
542 2217 573 2275 in
589 2217 651 2276 cius
667 2217 870 2294 opusculorum
886 2225 964 2275 tomo
978 2219 993 2276 I
1009 2211 1092 2295 (Lps.
1113 2211 1215 2296 1854).
1241 2217 1300 2277 Hic
1314 2239 1383 2296 opp.
1399 2221 1415 2279 I
1429 2242 1459 2299 p.
1475 2223 1512 2282 48

394 2329 437 2387 ait
454 2329 582 2387 codicem
601 2331 664 2388 urb.
684 2328 869 2406 Regiomont.
890 2328 1039 2386 Lactantii
1058 2347 1117 2386 non
1137 2329 1309 2388 deteriorem
1330 2348 1398 2389 esse
1418 2333 1514 2391 codice

394 2439 533 2512 Puteani3
553 2438 644 2498 fuisse
665 2439 734 2497 olim
753 2439 773 2499 f.
795 2458 886 2510 max„
908 2457 985 2498 nune
1004 2440 1164 2516 quadratae
1178 2458 1260 2513 esse,
1281 2441 1352 2516 quia
1365 2441 1513 2520 margines

395 2551 528 2629 superor
542 2525 700 2609 acinarios
708 2549 833 2610 abscissi
843 2550 913 2610 sint.
936 2549 1093 2610 columnas
1109 2551 1280 2610 essebinas.
1303 2550 1439 2613 Litteras
1449 2554 1514 2614 aa.

394 2681 448 2723 nas
456 2636 626 2723 minusculis
635 2663 805 2741 grandiores
817 2680 892 2733 esse,
901 2661 1072 2739 compendia
1082 2681 1185 2739 pauca,
1199 2662 1288 2721 verba
1294 2681 1401 2740 graeca
1408 2665 1513 2726 litteris

394 2774 493 2845 latinis
506 2794 562 2833 uno
570 2781 670 2833 tenore
679 2781 708 2832 et
718 2774 884 2835 intermista
894 2773 1382 2851 interpretationelatinacorrupta
1388 2776 1513 2851 quidem,

395 2885 447 2944 sed
466 2884 509 2943 ita
528 2904 594 2944 esse
608 2885 731 2961 scripta,
750 2892 785 2942 ut
802 2885 840 2943 ad
853 2885 1008 2963 genuinam
1023 2885 1179 2965 lectionem
1191 2902 1279 2966 saepe
1293 2886 1467 2961 perducant.

458 2996 625 3054 Eorundem
636 2995 875 3054 vaticinationum
887 2997 1042 3055 nonnullas
1054 2996 1285 3071 complectuntur
1298 2996 1459 3069 „vaticinia
1469 3018 1515 3058 ex-

395 3112 521 3165 terorum
537 3107 574 3164 de
589 3105 707 3165 Christo
726 3112 856 3164 venturo.
886 3107 1055 3183 Descripsit
1069 3104 1205 3167 sedulius
1221 3104 1339 3168 Scottus
1360 3108 1392 3165 in
1406 3110 1515 3186 psalte·

395 3217 438 3277 rio
453 3226 576 3279 monast.
594 3216 624 3279 S.
637 3217 801 3289 Michaelis,
816 3218 893 3293 quod
906 3217 937 3275 in
948 3218 1140 3296 Lotharingia
1151 3224 1223 3304 erat,
1239 3235 1294 3276 sua
1303 3221 1515 3298 manuscripto

394 3329 471 3390 circa
485 3349 512 3387 a.
530 3326 621 3390 818ss
648 3329 750 3388 Edidit
763 3328 1008 3394 Montefalconius
1022 3328 1150 3407 palaegr.
1167 3327 1219 3387 Gr.
1235 3328 1301 3388 libr.
1316 3330 1333 3388 3
1350 3348 1416 3406 cap.
1431 3332 1459 3390 7.

459 3439 616 3500 Oraculum
628 3442 665 3500 dc
676 3442 769 3500 tribus
781 3441 954 3498 daemonum
965 3442 1105 3499 bonorum
1116 3438 1272 3517 generibus
1279 3440 1412 3517 Angelus
1419 3442 1515 3502 Maius

396 3572 432 3612 ex
453 3553 515 3611 cod.
537 3553 730 3613 Ambrosiano
750 3551 860 3630 primus
881 3550 939 3609 sibi
958 3550 1111 3610 videbatur
1129 3552 1167 3611 ud
1186 3551 1280 3608 lucem
1299 3550 1432 3627 proferre
1449 3561 1517 3630 post

393 3664 551 3741 Porphyrii
565 3665 708 3741 epistulae
722 3664 760 3721 ad
771 3662 942 3722 Marcellam
957 3680 1074 3719 uxorem
1089 3661 1246 3720 editionem
1256 3660 1382 3737 primam
1394 3655 1516 3740 (Medio-

394 3776 456 3834 lani
474 3777 564 3835 1816.
581 3776 625 3834 ch.
639 3767 680 3853 4).
710 3774 843 3850 Repetiit
857 3792 923 3831 eum
936 3772 1010 3831 blaii
1024 3772 1216 3848 explicatione
1231 3779 1261 3830 et
1275 3790 1329 3831 sua
1343 3780 1374 3829 et
1383 3773 1448 3833 Ioh.
1461 3772 1516 3832 Ca·

395 3885 490 3962 sparis
501 3885 601 3944 fratris
612 3886 677 3943 Ioh.
689 3883 775 3943 Conr.
788 3882 918 3941 Orellius
929 3882 961 3941 in
972 3900 1071 3959 opusc.
1085 3882 1137 3943 Gr.
1150 3890 1219 3942 vett.
1232 3889 1358 3942 sentent.
1372 3891 1402 3942 et
1412 3885 1515 3943 moral.

394 3993 467 4071 Lps.
488 3995 566 4053 1819
583 3996 628 4053 ch.
646 3996 674 4054 8.
690 3994 769 4058 tomi
775 3995 881 4070 prioris
896 4013 926 4070 p.
944 3995 1015 4053 319.
1045 3993 1173 4072 Fugerat
1186 3992 1306 4064 Maium,
1316 3993 1401 4069 'qnod
1416 4013 1515 4053 oracu-

394 4104 456 4163 lum
474 4112 562 4163 antea
583 4104 692 4180 publici
714 4104 786 4165 iuris
807 4104 927 4163 fecisset
947 4104 1128 4182 Augustinus
1150 4102 1310 4173 Steuchns,
1331 4104 1515 4181 Eugubinus,

395 4216 550 4294 episcopus
563 4214 679 4275 Kisami
692 4207 739 4291 (de
753 4215 877 4291 perenni
887 4214 1074 4291 philosophia
1085 4214 1152 4274 libri
1167 4216 1214 4274 10.
1236 4214 1319 4273 Idem
1330 4214 1367 4273 de
1378 4216 1515 4293 Eugnbii,

395 4328 476 4387 urbis
500 4346 597 4398 meae,
624 4325 749 4385 nomine.
788 4324 883 4402 Lugd.
899 4334 932 4382 a.
957 4326 1046 4384 1540.
1072 4325 1166 4383 forma
1189 4317 1293 4403 maan).
1325 4325 1435 4385 Libros
1466 4327 1517 4384 ille

396 4438 488 4496 Paulo
504 4439 548 4496 III
562 4440 648 4497 Pont.
661 4438 739 4496 Max.
756 4435 910 4495 dedicavit.
937 4435 1067 4512 Repetiti
1083 4435 1297 4494 suntBasileae
1316 4436 1407 4496 1542.
1424 4438 1470 4495 ch.
1486 4439 1514 4496 4.

397 4548 471 4610 etin
492 4546 611 4609 Steuchi
631 4568 697 4628 opp.
714 4547 818 4608 Venet.
838 4547 916 4609 1591
939 4546 1032 4607 forma
1049 4566 1126 4606 max.
1147 4554 1216 4607 tom.
1234 4548 1263 4605 3.
1293 4546 1324 4605 Is
1344 4565 1402 4623 quo
1417 4546 1516 4608 codice
