3592 5400
315 514 376 578 166
806 532 898 576 nnana
919 534 951 574 n.
971 571 985 584 ,

381 679 442 734 Non
459 697 494 734 ex
510 678 559 732 hoe
576 679 686 745 librum,
705 680 750 733 sed
769 680 801 732 ad
820 696 915 732 comm.
928 678 982 748 arpi
994 676 1084 730 ἀνόδου
1098 679 1178 749 ψυχῆς
1189 680 1314 733 ridentur
1325 695 1358 732 ea
1369 697 1437 749 repe·

314 776 362 830 tita
379 791 449 839 esse,
473 790 539 843 quae
557 774 763 843 Augustinus
782 774 819 826 de
837 774 896 825 civ.
915 773 1046 825 deirae
1065 780 1131 827 extr.
1147 791 1182 825 ex
1193 773 1339 844 Porphyrio
1353 774 1435 826 affert:

301 860 511 938 ',‚Gonqueritur,
529 869 614 936 inquit
632 867 762 936 (Porph.),
784 868 824 920 vir
841 868 868 919 in
887 866 1023 919 Chaldaeis
1042 868 1141 932 bonus,
1164 868 1318 937 purgandae
1336 870 1436 920 animae
1457 887 1461 898 ·

314 978 411 1031 magno
430 963 457 1015 in
474 962 610 1014 molimine
628 962 766 1014 frustratos
785 961 836 1013 sibi
853 978 910 1013 esse
929 978 1079 1026 successus,
1097 979 1157 1014 cum
1174 962 1214 1013 vir
1232 963 1265 1013 ad
1282 963 1376 1014 eadem
1393 980 1435 1032 po·

314 1062 385 1120 tens,
403 1060 488 1109 tactus
505 1057 617 1121 invidia,
635 1055 768 1108 adiuratas
786 1054 867 1107 sacris
885 1056 1007 1124 precibus
1024 1057 1154 1125 potentias
1172 1056 1324 1124 alligasset,
1341 1073 1375 1108 ne
1393 1074 1435 1125 po·

314 1152 412 1202 stulata
429 1150 607 1203 concederent.
641 1150 711 1218 Ergo
730 1153 755 1201 et
772 1150 865 1218 ligavit
881 1150 954 1214 ille,“
974 1150 1072 1218 inquit,
1092 1156 1133 1214 ,et
1149 1128 1199 1201 iste
1216 1166 1271 1202 non
1289 1151 1392 1204 solvit.“

466 1253 516 1310 Pr.
533 1271 575 1309 ev.
594 1252 622 1311 6.
642 1254 668 1321 1,
688 1253 702 1308 1
720 1270 749 1326 p.
766 1252 823 1308 139
842 1248 943 1326 Steph.
960 1270 989 1326 p.
1003 1251 1174 1328 raedVig.

382 1355 483 1406 Τούτων
502 1353 529 1405 δὲ
547 1350 649 1423 ἔλεγχος
669 1352 741 1413 αὐτος
760 1352 849 1413 ἐκεῖνος
869 1350 949 1403 ὁτῶν
969 1354 1092 1423 δαιμόνων
1114 1353 1254 1423 προήγορος
1277 1352 1301 1404 ἐν
1326 1347 1362 1414 οἷς
1386 1351 1434 1404 ἕπε’-

314 1447 393 1518 γραψε
410 1447 464 1516 περὶ
482 1450 524 1512 τῆς
542 1445 568 1497 ἐκ
587 1444 679 1515 λογίων
699 1445 857 1515 φιλοσοφίας,
877 1438 925 1496 ὧδε
944 1446 1024 1515 λέγων
1043 1447 1103 1517 προς
1121 1445 1197 1506 λέξιν·

376 1538 413 1604 Ἃ
428 1542 503 1631 γάρ1
519 1540 656 1631 λέγομσιν
672 1545 698 1603 οἱ
721 1538 797 1623 θεοί,
821 1540 920 1630 εἴπερ2
939 1543 980 1604 τά
1001 1541 1221 1631 μεμοιραμένα3
1241 1542 1434 1631 γινώσκοντες

313 1652 464 1742 λέγουσιν,
488 1651 547 1714 ἀπὸ
570 1661 624 1725 τῆς
643 1660 705 1714 τῶν
728 1649 844 1739 ἄστρων
867 1661 958 1739 φοραῖς
982 1641 1119 1730 δηλοῦσι,
1143 1652 1194 1714 καὶ
1215 1661 1309 1716 τοῦτο
1332 1643 1434 1740 sledda

314 1761 424 1837 πάντες
439 1754 584 1848 ἐξέφηναν
599 1765 626 1824 οἱ
641 1752 781 1849 ἀψευδεῖς
795 1772 856 1825 τῶν
873 1760 955 1824 θεῶν.

377 1881 444 1937 Ηυο
457 1879 638 1955 Philoponus
653 1879 781 1954 pertinet
796 1879 831 1935 de
846 1878 946 1936 mundi
962 1879 1108 1937 creatione
1124 1882 1152 1938 4.
1171 1881 1219 1939 20.

382 1981 532 2051 Ηορφάριος,
552 1979 565 2033 ὁ
584 1981 637 2050 περὶ
656 1983 736 2032 πᾶσαν
755 1977 869 2050 ἀγυρτίαν
888 1979 1061 2050 ἐσπουδακώς,
1080 1979 1103 2032 ἐν
1122 1986 1159 2052 τῷ
1179 1982 1285 2052 δευτέρῳ
1304 1983 1377 2052 λόγῳ
1396 1987 1433 2034 τοῦ

315 2075 369 2145 περὶ
390 2073 501 2145 ἐκλογῶν
520 2073 625 2145 (sceda
643 2074 746 2145 λογίων)
771 2074 917 2144 φιλοσοφίας
942 2072 1111 2144 συντάγματος
1130 2073 1252 2145 ἐμφαίνειν
1277 2075 1321 2146 μἐν
1346 2077 1371 2145 ἐν
1388 2080 1433 2135 τοῖς

278 2161 283 2174 “
314 2171 436 2239 χρησμοῖς
455 2188 513 2238 φησι
531 2168 588 2228 τοὺς
607 2168 687 2237 θεούς,
707 2166 743 2218 ὅτι
768 2165 815 2217 ὅσα
828 2168 856 2218 ἀν
869 2172 920 2228 τοῖς
938 2164 1074 2237 ἀνθρώποις
1087 2168 1243 2239 προλίγωσι,
1259 2169 1306 2235 τὴν
1320 2174 1362 2236 τῆς
1375 2170 1433 2240 γενέ-

315 2281 376 2323 σεως
394 2262 571 2332 γιγνώσκοντες
590 2262 705 2312 σύστασιν
723 2260 849 2330 λέγουσιν,
868 2260 902 2322 ὡς
921 2257 979 2313 εἶναι
998 2262 1087 2322 αὐτοὺς
1107 2259 1194 2332 ἄκρους
1210 2262 1418 2333 γενεθλιαλόγους,

433 2355 562 2407 Eusebius
580 2356 679 2424 pergit:

382 2444 437 2501 Εἶθ’
451 2447 502 2516 ἑξῆς
522 2448 613 2517 ὑποβάς
633 2466 715 2518 φησιν·

379 2541 555 2632 Ἐρωτηθεὶς
571 2542 766 2628 όἉπόλλων,
782 2545 811 2607 τί
825 2536 946 2620 τέξεται
957 2550 976 2617 ἠ
988 2546 1077 2635 γυνή,
1093 2549 1127 2608 ἐκ
1141 2555 1203 2609 τῶν
1216 2543 1336 2636 ἄστρων
1349 2546 1431 2624 εἶπεν,

315 2655 362 2720 ὅτι
378 2653 468 2736 θῆλυ,
484 2660 518 2720 ἐκ
532 2665 587 2721 τοῦ
603 2656 745 2745 σπορίμου
762 2657 896 2747 ἐπιγνοὺς
911 2656 1029 2745 χρόνου·

442 2764 622 2854 Ἐκφιίεται4
637 2764 760 2856 γαίηθεν
775 2771 791 2829 ὁ
807 2767 930 2848 aloe,
947 2768 1007 2831 ὅτε
1023 2769 1164 2857 λείμακος
1179 2768 1293 2857 ὄμβρου

444 2866 583 2963 ἀιψοσύνγι
599 2872 825 2967 κατέμοιρψαν6
841 2878 912 2941 ὅλον
926 2878 1011 2968 πόμα
1027 2877 1153 2967 μητέρος
1169 2882 1278 2959 αὐτῆς,

384 3111 393 3146 ¹
411 3112 452 3163 lta
468 3110 570 3187 Bone*
580 3118 606 3165 et
623 3112 776 3168 Theodoret.
792 3115 835 3167 Gr.
848 3115 892 3170 aff.
905 3132 960 3168 san.
974 3117 1039 3185 disp.
1057 3116 1087 3168 10
1098 3134 1123 3185 p.
1137 3116 1188 3169 954
1205 3116 1333 3193 Schulzii,
1357 3119 1400 3187 qui
1419 3114 1433 3167 ἀ

315 3196 405 3266 γὰρ-
416 3195 476 3247 θεῶν
495 3196 577 3252 affert.
596 3198 661 3273 Rell.
674 3199 780 3252 Eusebii
798 3201 871 3253 codd.
891 3199 928 3251 ὅτι
946 3200 987 3251 καί
1005 3198 1020 3250 ἀ
1038 3201 1139 3251 δοκοῦσι
1157 3202 1235 3271 (quae
1248 3204 1351 3256 videtur
1363 3204 1433 3255 ditto-

315 3282 424 3353 graphia
441 3282 522 3335 luisse
540 3300 587 3352 pro
606 3282 621 3335 ἀ
639 3283 773 3354 λέγουσιν).
962 3285 967 3297 ’

383 3368 394 3401 ⁹
413 3365 426 3418 ὁ
444 3368 498 3437 περὶ
515 3386 562 3437 pro
581 3367 645 3439 εἴπερ
665 3368 718 3421 OG.

383 3452 394 3486 3
413 3453 595 3523 μεμαρασμένα
611 3453 690 3508 laed.

383 3539 395 3572 4
413 3535 548 3620 ἐκφριίνεται
565 3540 597 3591 Ι).

383 3623 393 3655 ⁵
412 3622 456 3675 Sic
474 3625 566 3693 scripsi
583 3642 630 3693 pro
650 3622 723 3689 ὁδῶν,
743 3626 804 3694 quia
821 3629 848 3677 et
865 3626 1013 3677 subiectum
1031 3626 1103 3678 deest
1119 3632 1145 3678 et
1160 3626 1357 3683 substantivum
1374 3630 1434 3683 desi·

315 3709 426 3771 deretur,
444 3709 514 3776 quod
531 3710 630 3778 prolem
648 3708 791 3762 humanam
810 3710 842 3762 ad
860 3710 1057 3762 similitudinem
1075 3712 1174 3763 surculi
1185 3714 1287 3765 arboris
1300 3715 1434 3784 significet.

316 3793 442 3845 Anatura
452 3794 521 3844 enim
530 3794 667 3846 exordium
676 3796 784 3863 capitur.
803 3796 915 3848 Valetin
928 3794 968 3847 his
982 3798 1093 3848 oraculis
1108 3799 1236 3867 correptio
1246 3799 1347 3864 Attica,
1361 3816 1435 3870 quam

314 3877 441 3946 praebent
453 3877 551 3945 κύκλος,
563 3876 686 3950 Ἑβραῖοι,
698 3877 828 3947 ὑψιπόλοιο
842 3879 961 3949 Κρόνοιο,
972 3881 1118 3949 γενεΰλήιον,
1129 3883 1314 3952 δαφνηρεφέων,
1325 3882 1434 3950 ἄτλητον,

316 3958 457 4028 ἀτράκτοις,
474 3959 597 4030 δολιχοῖσι
612 3963 719 4031 χρόνοις.
748 3963 815 4015 Tum
833 3962 873 4015 ότε
888 3966 981 4035 scripsi
994 3983 1041 4035 pro
1057 3964 1101 4016 ὅθι.
1118 3967 1160 4033 (D.
1175 3964 1357 4037 ὁθηλείμακες.)
1383 3968 1434 4021 Nisi

314 4044 382 4097 ferte
399 4044 497 4097 novitio
514 4051 606 4113 poetae
624 4064 687 4099 usus
705 4049 891 4101 condonandus
911 4055 963 4114 est,
987 4068 1039 4119 quo
1060 4067 1094 4103 ne
1112 4050 1247 4120 Theognis
1270 4053 1378 4121 quidem
1394 4052 1434 4105 ab·

315 4129 408 4182 stinuit
425 4128 488 4181 999:
508 4129 604 4180 δείπνου
624 4130 652 4197 δὴ
671 4130 801 4201 λήγοιμεν,
821 4132 883 4184 ὅπου
901 4134 954 4186 τινὰ
973 4133 1048 4204 θυμός
1067 4132 1166 4205 ἀνώγοι.

384 4215 395 4249 ⁶
414 4214 457 4267 Sic
474 4215 533 4283 vig.
552 4216 617 4269 coni.
635 4234 682 4286 pro
702 4218 820 4287 διψοσύνη
840 4219 1001 4289 κατέμαρψεν.
1039 4220 1151 4273 Sensus:
1176 4223 1296 4291 gignitur
1319 4229 1434 4276 exterra

314 4315 446 4368 propago,
470 4316 551 4368 quum
568 4308 644 4369 prata
661 4303 743 4371 pluvii
761 4302 804 4353 siti
821 4303 969 4355 laborantia
987 4322 1092 4358 omnem
1109 4322 1205 4374 aquam
1223 4308 1252 4359 in
1269 4313 1340 4360 terra
1357 4310 1433 4361 laten·

314 4387 369 4434 tem
385 4383 536 4439 hauserunt.
570 4386 600 4437 ld
617 4392 669 4438 est:
695 4387 813 4437 alebatur
831 4389 938 4455 embryo
957 4389 1018 4441 Sirii
1035 4390 1205 4459 temporibus.
1243 4392 1332 4446 Tellus
1351 4398 1433 4445 autem

315 4466 385 4519 intus
403 4485 449 4537 per
466 4469 598 4522 sufficiens
617 4476 720 4540 tempus
740 4472 880 4542 semovit,
904 4472 930 4523 id
948 4479 988 4526 est
1004 4476 1072 4526 vires
1090 4476 1235 4543 congessit,
1261 4479 1356 4545 quibus
1378 4494 1432 4547 pro·

315 4552 440 4620 paginam
457 4555 567 4606 nutriret
584 4558 611 4607 et
627 4561 744 4624 augeret.
781 4554 853 4619 Quae
875 4559 973 4610 oraculi
991 4559 1117 4629 ambages
1138 4559 1171 4611 ad
1192 4562 1295 4615 telluris
1318 4562 1431 4615 similitu·
