3592 5400
379 479 420 544 14
606 501 701 542 onear
716 501 756 544 ιν.
780 500 821 542 na
837 499 1042 542 onncnuoanu
1057 499 1256 555 coercemus,

379 655 481 714 scholl.
494 655 567 714 Lob.
579 655 645 732 Agl.
660 655 720 713 979
732 646 801 732 σιμ).
815 654 1019 713 Antietticista
1030 655 1062 712 in
1072 655 1167 713 Beldr.
1179 655 1280 714 anecd.
1294 657 1317 714 Ι.
1334 675 1363 731 p.
1377 657 1428 714 96.
1444 659 1499 716 18:

378 757 700 847 ΕὕπολιςΧρυσῷ
716 758 837 849 γένει·
860 751 1285 849 Λάμπωνοὺξηγητης.
1307 758 1427 837 Μάντις
1440 762 1500 851 γάρ

378 864 414 942 ἦν
430 872 480 933 καὶ
494 871 642 959 χρησμοὺς
657 862 796 961 ἐξηγεῖτο
804 871 822 932 ¹.
852 876 1056 935 Hieroclem
1072 884 1102 935 et
1117 875 1312 938 Stilbidem
1326 877 1500 956 Aristopha-

378 1006 430 1046 nes
451 987 482 1044 in
501 1005 573 1063 pace
594 987 685 1058 ridet,
705 1007 826 1065 quorum
845 987 922 1046 alter
940 1007 959 1046 a
978 988 1069 1047 schol.
1085 1008 1112 1045 v.
1128 989 1206 1047 1031
1223 988 1390 1065 appellatur
1411 973 1500 1046 εὐδό-

379 1115 464 1182 κιμος
478 1092 529 1155 καὶ
543 1092 719 1180 περιβόητος
734 1090 837 1181 μάντις
851 1101 913 1155 τῶν
928 1093 997 1167 τοὺς
1011 1093 1157 1168 παλαιοὺς
1171 1094 1320 1182 χρησμοὺς
1335 1084 1499 1184 ἐξηγουμέ-

378 1228 436 1266 νων
456 1252 481 1266 ..
502 1203 535 1266 ὅν
555 1225 626 1289 φησι
645 1201 812 1292 Φιλόχορος
833 1200 875 1287 (in
890 1209 1021 1267 Atthidie
1041 1209 1116 1269 libro
1130 1211 1157 1269 6.
1187 1208 1231 1270 Of.
1249 1208 1376 1268 Siehclie
1396 1230 1425 1286 p.
1446 1202 1498 1286 63)

379 1310 583 1383 ἀκολουθῆσαι
598 1317 628 1376 ἐν
643 1311 779 1392 Σικελία,
794 1315 881 1384 ἡνίκα
896 1313 1063 1402 ἐπολέμουν
1074 1312 1225 1385 Ἀθηναῖοι
1239 1315 1291 1376 καὶ
1306 1319 1345 1388 είς
1359 1312 1501 1376 Σικελίαν

319 1427 322 1430 ’
379 1422 564 1513 ἐστράτευον.
593 1431 717 1487 Mortem
737 1430 778 1489 ibi
799 1425 904 1513 μάντις
924 1431 975 1487 ille
994 1430 1144 1513 ἔμπειρος,
1165 1422 1291 1499 συνήθης
1306 1423 1411 1487 Νικίου
1431 1437 1500 1489 tunc

380 1541 465 1610 obiit,
488 1548 563 1599 teste
583 1541 684 1598 eodem
699 1541 872 1599 Philochoro
893 1561 940 1616 ap.
953 1541 1033 1600 Plut.
1046 1541 1112 1601 Nic.
1127 1543 1177 1600 23.
1204 1540 1359 1600 Hierocles
1381 1548 1499 1599 auctore

380 1651 470 1709 schol.
483 1651 574 1709 Arist.
587 1671 631 1710 av.
648 1652 727 1710 1046
744 1643 849 1732 μάντις
862 1639 899 1716 ἦν
914 1646 965 1708 καὶ
984 1645 1206 1735 χρησμολόγος,
1226 1646 1297 1720 τοὺς
1315 1667 1500 1734 προγεγενη-

381 1755 484 1845 μένους
498 1756 647 1843 χρησμοὺς
661 1754 715 1837 (sic
727 1769 825 1819 tacens
837 1761 911 1821 Lob.
925 1763 991 1840 Agl.
1005 1762 1043 1819 97
1048 1763 1065 1819 9
1081 1782 1134 1837 pro
1146 1755 1278 1844 χρόνους)
1294 1747 1500 1844 ἐξηγούμενος.

381 1862 593 1941 Διοπείθης
609 1856 655 1945 θέ,
676 1873 718 1930 eit
732 1873 809 1930 Xon.
826 1872 904 1930 Hell.
923 1875 951 1931 3.
966 1874 994 1931 3.
1008 1874 1041 1941 3,
1063 1864 1149 1954 μάλα
1162 1867 1370 1956 χρησμολόγος
1385 1867 1458 1954 ἀνήρ
1475 1915 1500 1928 ..

381 1973 471 2056 εἶπεν,
487 1981 525 2052 ὡς
540 1978 591 2040 καὶ
605 1974 793 2052 Ἀπόλλωνος
806 1976 938 2065 χρησμὸς
954 1980 1013 2055 εἴη,
1030 1967 1220 2064 φυλάξασθαι
1230 1977 1286 2046 την
1298 1976 1400 2064 χωλὴν
1417 1979 1501 2059 βασι-

380 2089 470 2152 λείαν.
492 2094 571 2153 Plut.
584 2094 694 2171 Agesil.
710 2096 742 2152 3:
763 2082 800 2159 ἦν
821 2077 854 2150 θὲ
875 2085 1078 2162 Διοπείθης..
1100 2097 1247 2176 μαντειῶν
1266 2091 1404 2151 παλαιῶν
1428 2088 1501 2150 ὑπό-

380 2202 479 2273 πλεως
493 2247 517 2261 ..
534 2191 636 2273 Οὗτος
650 2247 675 2261 ..
691 2199 823 2287 χρησμὸν
842 2202 872 2261 ἐν
892 2209 932 2282 τῇ
953 2188 1020 2282 θίκη
1041 2207 1178 2261 τοιοῦτον
1197 2199 1385 2288 ἀνεγίνωσκε.
1410 2201 1499 2280 Seqq.

346 2327 350 2334 '
381 2322 518 2390 quattuor
532 2315 691 2372 hexametri
707 2314 743 2371 dc
758 2334 826 2392 rege
844 2315 969 2373 claudo·
986 2311 1098 2383 Eadem
1118 2315 1179 2372 fere
1198 2315 1229 2372 in
1244 2314 1393 2390 Lysandri
1410 2315 1449 2373 22
1472 2323 1502 2372 et

380 2445 427 2501 ap.
443 2426 532 2484 Paus.
550 2428 577 2484 3.
592 2428 620 2484 8.
635 2427 652 2484 5
668 2425 812 2505 leguntur.
836 2426 931 2484 Multa
945 2426 981 2484 de
995 2425 1046 2484 illo
1062 2434 1127 2483 vate
1144 2445 1179 2484 cx
1197 2426 1314 2484 comicis
1330 2426 1391 2482 sch.
1408 2426 1499 2485 Arist.

380 2555 424 2596 av.
440 2537 499 2596 988
516 2536 611 2596 affert.
768 2524 771 2537 ’

445 2639 572 2729 Ἰοφῶν
587 2641 734 2722 Κνώσιος,
756 2651 817 2706 τῶν
832 2633 1006 2732 ἐξηγητῶν2
1020 2642 1169 2731 γρησμοὺς
1184 2645 1215 2706 ἐν
1230 2632 1383 2731 ἑξαμέτρῳ
1399 2643 1502 2730 παρεί-

380 2776 466 2841 χετο,
482 2751 666 2842 Ἀμφιάραον
680 2764 789 2841 χρῆσαι
804 2753 935 2843 φάμενος
949 2764 1012 2828 τοῖς
1027 2758 1056 2828 ἐς
1067 2752 1173 2836 Θήβας
1188 2755 1339 2816 σταλεῖσιν
1351 2750 1501 2843 Ἀργείοις.

380 2871 469 2928 Paus.
483 2872 509 2928 1.
520 2872 569 2928 34.
580 2872 608 2929 3.
631 2871 749 2929 Bacidis
761 2872 909 2929 oraculum
921 2869 1341 2945 fraudulentusArietophanis
1355 2862 1416 2947 (av.-
1426 2863 1500 2947 962)

381 2980 587 3056 praestigiator
608 2999 644 3038 ex
666 2981 740 3040 libro
763 2974 859 3061 (974)
880 2982 993 3040 recitat.
1028 2981 1140 3059 Orphei
1163 2980 1293 3039 carmina
1314 2981 1502 3056 Pherecydes
1571 3006 1574 3013 *

381 3090 535 3167 collegisse
549 3090 650 3149 fertur.
680 3089 783 3149 Vatum
799 3092 888 3170 igitur
902 3093 1064 3169 priscorum
1081 3092 1244 3151 sententiae
1260 3091 1322 3150 sire
1336 3111 1423 3150 verae
1440 3092 1502 3149 sive

381 3201 529 3261 subiectae
543 3202 601 3263 iam
616 3202 723 3266 seculis
734 3204 776 3263 VI
787 3211 816 3262 et
826 3203 855 3262 V
864 3204 1133 3274 conscribebantur,
1148 3204 1268 3262 deorum
1281 3202 1400 3262 oracula
1411 3202 1502 3261 veluti

450 3444 459 3477 ¹
483 3443 578 3496 Adlicit
595 3444 772 3497 Antietticista
790 3442 925 3513 Ἡρόδοτος
943 3441 1060 3512 τετάρτῳ.
1097 3443 1153 3497 Ser.
1172 3440 1264 3510 ἐνάτῳ,
1287 3442 1305 3495 i.
1318 3458 1341 3494 e.
1362 3438 1385 3492 θ’
1403 3459 1451 3511 pro
1470 3440 1502 3509 δ’,

380 3545 442 3593 nam
464 3529 610 3583 Herodotus
628 3529 675 3583 IX.
694 3530 724 3582 21
745 3527 879 3594 Ἀθηναίων
899 3568 922 3579 ..
944 3526 1064 3599 ἐλοχήγεε
1087 3526 1294 3597 Ὀλυμπιόδωρος
1318 3522 1331 3577 ὁ
1354 3524 1502 3595 Λάμπωνος,

381 3614 445 3666 duce
462 3614 601 3667 Pausania.
637 3614 801 3685 Quemquam
822 3613 864 3666 hic
886 3614 1004 3683 Lampon
1027 3614 1095 3666 vatis
1117 3613 1204 3683 potius
1227 3616 1299 3682 pater
1321 3628 1419 3663 avusre
1439 3612 1503 3675 luit3

380 3691 454 3751 dates
472 3700 494 3752 si
506 3694 619 3752 Athones
637 3700 725 3763 rediit,
744 3700 829 3769 potuit
846 3699 868 3751 is
888 3716 957 3763 esse,
976 3700 1021 3768 qui
1039 3716 1061 3750 a.
1074 3698 1122 3750 421
1141 3696 1339 3749 Atheniensium
1357 3696 1432 3749 iussu
1449 3691 1503 3749 foe-

382 3784 429 3836 dus
448 3800 508 3836 cum
525 3784 737 3837 Lacedaemoniis
755 3786 801 3837 icit
819 3784 911 3853 (Thac.
924 3784 949 3836 5.
962 3784 1003 3837 24.
1021 3784 1054 3851 1).

450 3868 461 3901 ²
484 3868 557 3921 Unus
574 3871 743 3938 interpretum
761 3871 799 3921 rei
811 3871 921 3923 divinae.
951 3869 1047 3922 Preller
1061 3869 1092 3920 de
1105 3868 1190 3937 Oropo
1209 3866 1340 3935 (Berichte
1353 3868 1398 3920 der
1410 3867 1503 3923 Sichs.

381 3953 461 4006 Acad.
471 3953 534 4015 hist.
546 3953 608 4022 phil.
622 3954 658 4005 θλ
674 3954 746 4006 1852.
759 3972 785 4024 p.
801 3954 860 4024 184)
883 3954 1017 4008 hominem
1039 3954 1182 4022 intellegit,
1205 3953 1251 4021 qui
1272 3953 1419 4023 peregrinis
1444 3954 1504 4015 Am-

381 4036 483 4109 phiarai
503 4038 631 4107 templum
652 4040 844 4093 monstraverit.
883 4039 1011 4109 „lophem
1035 4039 1105 4089 einer
1129 4037 1174 4090 der
1194 4037 1347 4105 Perlegeten
1370 4039 1415 4090 des
1434 4038 1503 4103 Orts‚

382 4123 528 4176 ordichtcte
540 4123 598 4176 eine
616 4124 805 4193 Weissagung,
829 4124 870 4176 die
887 4124 918 4176 Α,
937 4124 987 4175 den
1004 4124 1132 4192 Argivom
1153 4123 1223 4174 heim
1241 4122 1314 4191 ano
1332 4127 1420 4191 gegen
1437 4123 1503 4175 The·

381 4210 433 4264 hen
451 4191 588 4278 gesuhgen
606 4208 680 4262 habe.
715 4208 853 4262 Vielloicht
873 4214 935 4277 trag
957 4226 984 4261 er
1002 4210 1057 4260 dies
1075 4210 1114 4259 als
1132 4205 1198 4258 ἐπῶν
1216 4209 1318 4273 ποιητής
1340 4208 1410 4261 heim
1427 4208 1504 4261 Peste

382 4299 453 4348 vor.“
489 4295 523 4347 At
542 4295 603 4364 quid
621 4293 739 4364 ἐξηγητής
752 4286 803 4359 sit,
822 4298 848 4345 et
865 4294 987 4362 exempla
1004 4310 1020 4345 a
1037 4312 1079 4346 me
1097 4294 1177 4345 allata
1195 4292 1289 4345 docent
1306 4298 1332 4345 et
1347 4292 1452 4346 Ruhnk.
1471 4294 1504 4345 ad

383 4379 484 4430 Timaei
504 4379 578 4449 soph.
591 4382 643 4433 lex.
654 4381 756 4432 Platon.
769 4395 790 4433 s.
803 4395 827 4430 v.
843 4377 946 4429 Pictum
969 4379 1002 4429 ab
1020 4377 1146 4447 Iophonte
1170 4377 1305 4431 oraculum
1327 4394 1385 4429 esse
1407 4376 1503 4429 Pausa-

383 4465 440 4516 nias
458 4471 526 4517 certe
544 4472 633 4517 auctor
655 4481 708 4517 non
730 4468 782 4515 est:
805 4463 885 4518 immo
903 4461 1040 4517 videbatur
1061 4465 1086 4517 ei
1107 4462 1209 4517 somnio
1234 4478 1292 4515 esse
1312 4462 1458 4535 proditum,
1481 4462 1504 4515 si

384 4549 445 4624 quid
463 4550 545 4606 video.
1282 4547 1285 4554 '
