3592 5400
882 922 950 989 LV.

343 1232 348 1241 .
471 1146 684 1233 Philosophiae
706 1146 955 1233 contemplativae
976 1146 1133 1232 neglectus
1158 1146 1195 1210 ad
1214 1168 1320 1233 graves
1338 1168 1405 1210 eos·

430 1308 490 1371 que
510 1291 613 1371 turpes
636 1285 727 1349 ducat
750 1307 863 1350 errores
885 1307 1006 1349 necesse
1030 1290 1092 1360 est;
1115 1283 1259 1348 naturalis
1281 1305 1349 1348 cum
1372 1284 1405 1348 in

428 1423 493 1488 dies
515 1423 596 1487 felici
617 1428 783 1509 temporum
807 1428 976 1487 nostrorum
1000 1427 1109 1487 eventu
1128 1422 1249 1508 longius
1265 1421 1404 1509 longius·

427 1584 488 1647 que
509 1560 733 1648 progrediatur,
750 1561 980 1647 contemplativa
1005 1583 1060 1624 nec
1083 1583 1166 1625 serva
1189 1559 1405 1646 subsequatur,

427 1722 484 1765 nec
507 1699 588 1763 socia
610 1699 784 1775 comitetur,
807 1699 858 1763 sed
882 1699 945 1764 dux
967 1686 1122 1786 praecedat
1144 1705 1269 1786 oportet.

873 1922 959 1987 LVI.

473 2150 591 2213 Auctor
631 2147 788 2212 Versionis
830 2147 976 2212 Vetustao
1008 2146 1135 2211 Latinae
1167 2169 1229 2211 non
1261 2146 1406 2223 eandem,

428 2310 517 2372 quam
540 2310 595 2351 nos
613 2286 762 2351 edidimus
781 2286 954 2350 Aristotelis
973 2285 1192 2372 biographiam,
1205 2286 1255 2350 sed
1269 2287 1403 2373 proxime

428 2424 570 2500 similem,
603 2425 666 2488 sive
693 2425 883 2489 vetustiorem
907 2448 944 2489 ex
966 2447 1025 2509 qua
1046 2431 1147 2488 nostra
1169 2425 1228 2488 fuit
1250 2425 1405 2503 desumta,

427 2562 491 2627 sive
514 2583 621 2626 novam
645 2585 682 2626 ex
704 2568 806 2625 nostra
829 2563 1004 2635 conflatam,
1028 2562 1151 2625 vertisse
1173 2561 1303 2626 videtur.

860 2785 965 2849 LVII.

472 3011 609 3096 Imperiti
638 3010 698 3075 fuit
729 3010 942 3086 Grammatici‚
969 3010 1021 3094 qui
1051 3033 1068 3073 e
1098 3015 1226 3094 quatuor
1248 3011 1401 3094 Anonymi

426 3148 553 3213 Aristot.
577 3149 656 3212 vitae
678 3147 856 3234 subscriptis
879 3147 1012 3212 versibus
1037 3170 1129 3212 unum
1153 3149 1186 3211 in
1208 3147 1400 3212 Aristotelem

426 3286 543 3350 effinxit
566 3286 755 3371 epigramma.
777 3287 844 3349 Imo
868 3286 928 3350 duo
951 3291 1030 3350 sunt.
1054 3285 1218 3371 Scripserat
1235 3287 1316 3371 prior
1334 3286 1403 3350 Ari·

426 3423 543 3489 stotelis
566 3424 722 3487 inimicus:

494 3603 651 3682 Σμικρός,
677 3598 856 3683 φαλακρός,
882 3598 1020 3682 τραυλὸς
1043 3602 1061 3661 ὁ
1083 3600 1314 3684 Σταγειρίτης,

494 3743 640 3816 Λάγαος,
666 3744 869 3822 προγάστωρ,
895 3736 1083 3811 παλλακαῖς
1107 3737 1319 3821 συνημμένος.

426 3911 500 3977 alter
522 3913 634 3977 amicus
657 3914 690 3976 in
712 3913 794 3978 hunc
816 3913 993 3978 maledicum
1016 3914 1078 3978 illis
1102 3914 1279 4001 subscripsit
1301 3915 1377 3982 hos:

493 4086 755 4174 Ἀααλφάβητος
778 4089 885 4152 οὑτοσὶ
911 4095 1145 4174 στιχογράφος,

494 4228 641 4306 ”Ααους,
668 4230 795 4311 ἄφρων,
820 4231 986 4312 ἄγροικος,
1012 4229 1175 4311 αὐθάδης,
1201 4229 1309 4303 λάλος.

821 4470 1002 4479 -ι-
