3592 5400
397 494 458 561 202
805 513 1049 561 anarrauanruu
1068 519 1101 558 11.

397 677 426 729 et
444 670 718 747 redintegrationem
737 689 863 729 annuam
883 671 999 731 mittere
1018 689 1078 729 non
1098 672 1246 732 debemus.
1277 675 1357 734 Pliu.
1379 695 1409 734 n.
1431 678 1461 733 h.
1486 679 1513 747 8,

399 783 453 851 31,
466 781 521 839 49:
539 781 779 857 „Theophrastus
794 789 969 852 auctorest,
984 800 1093 858 angues
1108 784 1192 841 modo
1208 791 1238 842 et
1248 785 1402 846 stelliones
1414 806 1515 846 senec-

397 898 488 953 tutem
514 910 617 950 exuere
643 909 764 967 eamque
789 892 923 970 protinus
943 889 1111 953 devorare.“
1147 895 1263 970 Apulei.
1284 897 1321 953 de
1341 898 1440 973 magia
1460 898 1514 956 51:

396 1003 617 1078 Theophrastus
640 1002 689 1076 „in
703 1002 760 1061 alio
776 1002 864 1073 libro,
884 1020 971 1078 quem
986 1005 1022 1063 de
1036 1004 1232 1064 invidentibus
1254 1007 1433 1066 animalibus
1447 1027 1515 1067 con·

395 1114 527 1193 scripsit,
548 1109 692 1173 remedio“
714 1114 779 1172 adv.
799 1114 933 1173 morbum
952 1115 1081 1175 divinum
1103 1134 1188 1188 „esse
1208 1116 1250 1175 ait
1269 1117 1388 1176 exuvias
1403 1098 1514 1176 stellio-

395 1244 479 1295 num,
505 1243 579 1300 quas
604 1225 683 1283 velut
708 1225 820 1283 scnium
845 1243 926 1284 more
946 1233 1105 1284 ceterorum
1127 1227 1308 1302 serpentium
1334 1229 1513 1304 temporibus

396 1336 513 1395 statutis
529 1332 653 1395 exuant“
672 1377 699 1395 ..
720 1335 767 1395 Ita
780 1334 903 1404 factum,
927 1343 959 1393 ut
977 1336 1067 1397 diviui
1087 1337 1198 1413 aliquid
1213 1338 1336 1397 animali
1351 1339 1396 1399 illi
1417 1340 1514 1399 inesse

395 1446 548 1504 videretur.
609 1480 611 1485 <

459 1556 627 1615 Welckerus
655 1563 684 1615 et
704 1556 919 1615 Feuerbachius
947 1558 1033 1614 etiam
1055 1557 1213 1617 Praxitelis
1234 1560 1403 1635 Apollinem
1433 1561 1513 1619 illum

396 1659 593 1748 cauponatum
608 1667 645 1723 ad
664 1667 871 1727 divinationem
885 1667 1023 1727 referunt.
1046 1669 1136 1744 Atqui
1148 1670 1319 1728 adolescens
1331 1670 1383 1728 ille
1394 1672 1512 1748 gracilis

396 1795 454 1835 nou
469 1777 616 1847 observat,
639 1778 707 1852 quid
722 1778 832 1835 animal
847 1779 1010 1854 praedicat,
1030 1780 1082 1836 sed
1103 1780 1187 1855 pueri
1206 1781 1336 1839 ludentis
1350 1782 1383 1838 in
1398 1782 1513 1840 modum

395 1889 521 1965 maligne
537 1896 630 1959 curat,
652 1895 685 1946 ut
703 1889 856 1965 perfodiat.
885 1889 1007 1948 Duabus
1027 1897 1139 1947 tantum
1160 1891 1323 1950 rationibus
1346 1891 1425 1951 hanc
1440 1911 1511 1951 com·

394 2002 569 2079 positionem
585 2001 721 2077 explicari
737 2020 825 2077 posse
840 2001 973 2061 arbitror.
996 2001 1097 2059 Potuit
1110 2001 1238 2059 dedicari
1249 2002 1303 2061 deo
1315 2002 1511 2072 simulacrum,

395 2115 463 2188 quia
488 2113 603 2171 noxiam
629 2113 797 2172 stellionum
819 2111 1027 2171 abundantiam
1050 2113 1260 2187 oppressisset,
1290 2120 1324 2171 ut
1345 2114 1511 2190 Apollinem

395 2225 573 2299 Parnopium
587 2223 709 2283 Phidias
726 2222 954 2281 Atheniensibus
970 2223 1106 2298 sculpsit,
1128 2223 1197 2298 quia
1215 2223 1345 2282 locustas
1361 2226 1511 2301 pepulerat

397 2328 496 2414 (Faus.
513 2337 544 2403 1,
559 2335 612 2403 24,
627 2325 672 2411 7),
689 2339 718 2391 et
732 2339 764 2390 ut
775 2331 921 2407 Apollinis
934 2330 1080 2390 Smintbei
1094 2333 1125 2391 in
1137 2333 1235 2409 Mysia
1250 2336 1286 2392 ob
1298 2336 1402 2411 pulsos
1416 2354 1509 2395 mures

396 2445 465 2505 culti
477 2445 664 2505 simulacrum
675 2463 784 2504 murem
799 2444 872 2520 pede
883 2442 1056 2503 constrinxit
1067 2436 1198 2522 (Polemo
1213 2464 1260 2520 ap.
1270 2446 1331 2506 sch.
1340 2446 1432 2506 Hom.
1441 2449 1476 2507 Il.
1486 2450 1509 2516 l,

397 2550 459 2636 39).
480 2556 606 2616 Nostrae
620 2556 747 2613 lacertae
760 2556 930 2614 innocentes
946 2561 1015 2612 sunt
1030 2554 1185 2613 bestiolae:
1200 2563 1232 2613 at
1241 2562 1356 2617 veteres
1372 2558 1510 2617 stellioni·

395 2669 449 2729 bus
464 2668 594 2743 ,nullum
605 2667 714 2726 animal
724 2666 936 2726 fraudulentius
948 2664 1076 2726 invidere
1087 2666 1198 2726 homiui
1209 2667 1336 2728 tradunt.
1360 2669 1509 2757 ludestel-

394 2780 504 2842 lienum
520 2798 627 2838 nomen
643 2779 725 2839 aiunt
735 2780 766 2837 in
779 2779 963 2840 maledictam
980 2774 1185 2838 translatum.“
1211 2778 1290 2837 Plin.
1303 2799 1332 2837 n.
1344 2780 1375 2839 b.
1390 2783 1446 2852 30,
1461 2782 1510 2849 10,

397 2892 446 2951 at.
464 2890 517 2949 Sin
528 2891 602 2948 forte
613 2890 685 2947 haec
700 2890 854 2965 explicatio
866 2890 1027 2965 simplicior
1038 2897 1093 2959 est,
1108 2907 1195 2964 quam
1207 2907 1280 2964 quae
1291 2892 1442 2966 probetur,
1458 2909 1511 2951 una

396 3007 510 3058 tantum
529 2973 642 3059 restat
663 2997 854 3058 Ostendimus
873 3000 1013 3059 lacertam
1029 3000 1167 3061 Herculis
1179 3001 1263 3077 Tyrii
1278 3000 1373 3060 fuisse
1388 3004 1508 3081 siguum.

397 3108 513 3169 Cultum
528 3108 606 3170 Solis
621 3129 792 3186 proavorum
806 3110 956 3169 Minervae
974 3112 1053 3169 cultu
1073 3129 1245 3187 oppressum
1261 3110 1509 3174 Camarinensium

395 3222 521 3282 nummis
541 3222 583 3280 ita
603 3221 762 3299 significari
781 3221 919 3291 vidimus,
942 3229 975 3279 ut
995 3228 1100 3280 noctua
1120 3222 1259 3281 lacertam
1278 3242 1377 3300 ungue
1393 3224 1509 3301 compri-

395 3342 495 3394 meret.
517 3332 671 3393 Certamen
682 3332 756 3392 illud
767 3333 913 3408 Apollinis
925 3332 1026 3409 Pythii
1041 3340 1070 3389 et
1081 3332 1218 3392 Herculis
1230 3333 1267 3391 de
1278 3334 1409 3409 tripode,
1425 3334 1510 3412 pluri·

395 3446 537 3506 misertis
553 3444 689 3521 operibus
704 3445 894 3514 celebratum,
911 3445 954 3502 ita
968 3444 1157 3519 interpretor,
1174 3441 1274 3503 utSol
1287 3443 1421 3505 Graecus
1437 3444 1510 3507 Solis

395 3557 574 3617 Phoenicum
589 3557 696 3616 cultum
712 3556 898 3631 oppresserit.
922 3555 964 3614 Ut
975 3555 1101 3630 Delphis
1113 3555 1220 3629 Apollo
1235 3554 1321 3625 vicit,
1336 3555 1380 3613 ita
1392 3559 1510 3617 Ambra·

395 3668 458 3727 ciue
468 3669 545 3745 apud
556 3668 694 3743 Epirotas
702 3667 848 3752 Apollinis
860 3666 955 3725 cultus
967 3666 1057 3723 cessit
1067 3665 1189 3724 Herculi
1202 3685 1237 3724 ex
1248 3665 1355 3725 iudicio
1366 3666 1509 3745 Oragalei,

395 3778 524 3855 Dryopis
539 3778 607 3848 filii,
623 3797 709 3853 quem
720 3750 765 3837 ¹dii
776 3778 918 3838 arbitrum
929 3776 1141 3836 constituerant
1157 3768 1338 3853 (Athauadas
1349 3778 1381 3834 in
1392 3780 1510 3837 Ambra·

396 3888 465 3946 ciuis
477 3888 555 3963 apud
569 3889 707 3945 Antonin.
723 3889 789 3947 Lib.
803 3882 842 3966 4).
871 3888 967 3963 Quam
982 3886 1110 3945 fabulam
1127 3887 1173 3944 vel
1188 3886 1273 3943 bodie
1287 3887 1350 3944 illic
1364 3888 1511 3946 homiuum

396 4016 445 4055 ore
463 3996 534 4055 ferri
554 3994 708 4055 Semitelos
728 3999 759 4055 in
779 4018 874 4056 rerum
888 3998 1003 4075 Epirot.
1019 3997 1072 4056 lib.
1089 4000 1102 4054 l
1121 3994 1146 4070 ξ.
1160 3998 1200 4055 30
1222 3988 1362 4074 (Berolin.
1378 4017 1405 4057 a.
1422 3992 1510 4075 1854)

362 4137 365 4143 Δ
396 4129 425 4187 p.
442 4083 481 4167 l8
498 4106 582 4165 testis
599 4115 652 4165 est.
682 4108 729 4166 Ita
742 4108 831 4186 igitur
846 4110 966 4186 Apollo,
987 4107 1036 4183 qui
1052 4107 1207 4166 bestiolam
1221 4106 1343 4165 Herculi
1359 4108 1452 4186 Tyrio
1467 4128 1511 4167 sa-

396 4237 474 4277 cram
494 4217 646 4287 interficit,
668 4224 766 4294 potest
786 4216 864 4278 Solis
883 4218 989 4277 Graeci
1011 4218 1161 4276 victoriam
1180 4224 1357 4294 reportatam
1377 4219 1415 4277 de
1435 4218 1511 4279 Solis

396 4330 575 4388 Phoenicum
590 4328 669 4387 cultu
684 4328 859 4406 signi-ficare.

460 4440 591 4499 Transeo
607 4442 644 4499 ad
659 4440 811 4509 laurum,
832 4457 890 4515 qua
910 4438 1051 4497 sacellum
1070 4441 1185 4499 iubetur
1205 4440 1388 4499 circumdari.
1427 4440 1511 4516 Quod

398 4543 706 4638 praestandatiis
722 4542 842 4637 ἐγένετο
855 4542 998 4629 (Geopon.
1014 4552 1062 4622 ll,
1080 4545 1120 4629 2).
1143 4551 1286 4629 Porphyr.
1298 4551 1336 4609 de
1347 4550 1512 4611 simulacris
