3592 5400
472 1545 952 1630 ΑΡΙΣΤΟΤΕΛΟΤΣ
993 1546 1148 1630 ΒΙΟΣ.

371 2239 609 2326 Ἀριστοτέλης
633 2243 651 2305 o‘
674 2239 848 2325 φιλόσοφος
873 2247 929 2324 τῆς
951 2243 1012 2323 μίν
1033 2235 1073 2323 ἦν
1093 2239 1299 2324 Σταγείρων,

327 2382 368 2444 τά
400 2378 434 2444 δὲ
466 2385 634 2466 Στάγειρα
665 2379 760 2456 πόλις
792 2381 922 2468 Θρᾴκης
954 2379 1094 2465 πλησίον
1119 2378 1299 2459 Ὀλιίνδου,

328 2523 383 2585 καί
414 2523 596 2607 Μεθώνης,
629 2521 698 2597 υίὸς
730 2519 764 2585 δὲ
794 2525 992 2608 Νικομάχου
1024 2525 1079 2586 καί
1109 2517 1299 2600 Φαιστίδος,

327 2659 449 2746 α’μφοῖν
469 2661 534 2727 οίπὸ
553 2667 735 2750 Μαχάονος
753 2663 809 2727 τοῦ
826 2660 1036 2747 Ἀσκληπιοῦ
1054 2658 1300 2746 καταγομένων,

327 2804 371 2879 ὠς
395 2801 491 2887 δηλοῖ
513 2803 549 2868 τὸ
574 2806 618 2881 εἷς
642 2802 743 2870 αὐτὸν
768 2803 966 2888 ἐπίγραμμα·

354 3004 560 3083 (ίΦαιστίδος
584 3001 624 3088 ἦν
643 3008 775 3093 μητρὸς,
797 3009 853 3071 καί
877 3010 1075 3092 Νικομάχου
1096 3010 1279 3089 γενετῆρος,

397 3150 474 3214 Τῶν
500 3145 776 3232 Ἀσκληπιαδῶν,
802 3146 871 3223 δῖος
894 3144 1173 3233 Ἀριστοτίλης.,,

374 3358 501 3439 Γέγονε
534 3359 568 3425 δὲ
601 3359 713 3436 αὐτοῖς
745 3360 782 3426 οὐ
812 3364 914 3446 μόνον
942 3358 1192 3447 Ἀριστοτέλης,
1218 3357 1303 3423 ἀλλὰ

330 3502 385 3563 καί
409 3500 634 3586 Ἀρίμνηστος
663 3504 718 3566 καί
743 3501 964 3588 Ἀριμνήστη·
988 3504 1007 3566 ὁ
1029 3500 1064 3566 δέ
1088 3528 1123 3581 γε
1147 3503 1303 3583 Νικόμα-

330 3663 385 3726 χος
411 3641 518 3726 ἰατρὸς
542 3636 582 3722 ἦν
606 3640 793 3724 Ἀμιίυτου,
819 3645 874 3707 τοῦ
899 3640 1106 3708 Μακεδόνων
1130 3638 1301 3728 βασιλέως,

329 3786 385 3847 τοῦ
409 3777 580 3845 Φιλίππου
603 3782 738 3866 πατρὸς,
764 3784 819 3846 καί
844 3783 929 3846 κατὰ
951 3786 1080 3866 μνήμην
1105 3784 1160 3845 τοῦ
1181 3781 1303 3844 οἶκείου

331 3918 452 4004 πατρὸς
483 3919 721 4005 Ἀριστοτέλης
750 3924 807 3987 τὸν
837 3924 954 3987 ἑαυτοῦ
979 3920 1083 3986 παῖδα
1107 3924 1304 4006 Νικόμαχον

331 4063 600 4144 προσηγόρευσεν,
625 4046 653 4146 ηί
674 4061 729 4124 καὶ
751 4062 791 4124 τὰ
811 4064 850 4126 Ν
852 4064 1023 4147 ικομάχεια
1041 4062 1145 4141 ἠθικοί
1166 4058 1302 4145 ἔγραψε.

330 4203 510 4284 Πατρὸθεν
534 4203 599 4285 ἄρα
620 4204 665 4285 τῷ
686 4198 916 4286 Ἀριστοτέλει
937 4203 991 4265 καί
1012 4202 1047 4265 ἐκ
1065 4206 1120 4281 τῆς
1138 4197 1304 4265 οίνέκαθεν

331 4346 444 4418 ἵὲίὲἇς
475 4346 496 4425 ᾖ
526 4345 598 4427 περὶ
629 4340 845 4426 φυσιολογίαν
870 4344 926 4408 καί
952 4344 1101 4429 ἰατρικὴν
1124 4338 1203 4416 ἕξις.
1230 4342 1307 4436 Ὀρ-

331 4481 434 4564 εγανός
471 4479 506 4547 δὲ
541 4484 714 4568 γενόμενος
750 4481 909 4564 α’νάγεται
945 4483 1034 4567 παρὰ
1068 4477 1227 4567 Προξένῳ
1261 4483 1307 4565 τῷ

1157 4620 1168 4658 1
