3592 5400
342 510 404 574 226
752 528 999 573 nnnrrsnnnrun
1011 529 1052 571 ιν.

342 703 394 743 vas
409 682 499 741 animi
514 683 681 758 cupidines3
702 683 807 742 iisdem
822 683 1008 760 cupidinibus
1028 690 1059 741 et
1072 682 1134 741 vita
1147 683 1242 741 ventri
1257 684 1360 743 dedita
1372 685 1452 744 allici
1457 706 1466 757 3

342 794 416 853 alios
437 794 539 851 eadem
558 811 675 870 semper
692 793 803 866 forma,
819 794 894 852 elios
914 793 1003 851 variis
1023 793 1193 870 corporibus
1206 793 1371 870 formisque
1388 796 1467 854 ince-

341 906 423 976 dere3
439 904 551 981 placari
566 903 718 963 sacrificiis
734 903 876 974 cruentis3
898 904 960 982 regi
974 923 993 962 a
1007 901 1113 980 Sarapi
1128 912 1159 963 et
1172 904 1296 963 Hecate.
1328 905 1365 965 Id
1379 906 1468 984 igitur

342 1016 420 1092 qnod
433 1015 521 1073 Plato
540 1015 577 1072 de
596 1015 786 1074 daemonibus
801 1015 918 1073 omnino
933 1014 1060 1084 dixerat,
1081 1021 1111 1072 et
1130 1032 1235 1074 nocere
1255 1035 1307 1074 eos
1327 1034 1419 1092 posse
1438 1024 1469 1075 et

342 1147 406 1186 cum
421 1125 606 1201 cupidinibus
620 1125 768 1185 hominnm
787 1126 942 1183 cohaerere
962 1132 992 1182 st
1011 1124 1163 1184 sacrificiis
1182 1126 1371 1187 honorandos
1390 1146 1467 1199 esse,

340 1237 372 1295 id
387 1243 527 1294 mutatum
543 1237 693 1312 paulisper
707 1237 744 1294 ad
759 1237 852 1294 malos
867 1236 1022 1293 daemones
1034 1235 1194 1312 restringit.
1225 1235 1352 1296 Constat
1363 1237 1422 1297 sibi
1436 1239 1468 1296 in

341 1347 506 1406 universum
526 1347 557 1403 in
579 1346 661 1405 libris
682 1347 717 1403 de
737 1347 925 1405 abstinentia.
961 1346 1006 1403 Ibi
1028 1346 1057 1420 2,
1073 1347 1113 1404 38
1133 1345 1189 1404 ait:
1210 1339 1278 1403 ὅσαι
1299 1336 1394 1430 ψυχαὶ
1412 1353 1468 1418 τῆς

342 1453 413 1526 ὅλης
434 1453 628 1538 ἐκπεφυκύῖαι
650 1449 772 1539 μεγάλα
794 1450 869 1538 μέρη
890 1439 1032 1512 διοικοῦσι
1051 1458 1113 1512 τῶν
1135 1449 1193 1512 ύπό
1216 1450 1344 1522 σελήνην
1363 1452 1467 1516 τύπων

343 1564 439 1646 (quam
454 1567 641 1643 praecipuam
656 1567 830 1624 daemonnm
846 1567 944 1625 sedem
960 1583 1061 1623 omnes
1076 1558 1257 1644 censebant),
1270 1553 1467 1652 ἀπερειδόμε-

342 1696 389 1735 ναι
405 1669 459 1760 μὲν
474 1669 639 1758 πνεύματι,
661 1681 825 1758 κρατοῦσαι
845 1659 879 1733 δὲ
894 1674 988 1734 αὐτοῦ
1003 1669 1205 1759 κατὰλόγον,
1224 1670 1341 1747 τούτοις
1357 1662 1467 1762 δαίμο-

342 1780 393 1857 νάς
414 1803 450 1844 τε
470 1778 603 1871 ἀγαθοὺς
625 1780 780 1869 νομιστέον
799 1782 851 1844 καὶ
872 1778 916 1844 ἐπ’
936 1781 1068 1867 ὠφελείᾳ
1087 1789 1150 1844 τῶν
1172 1780 1340 1870 ἐρχομένων
1365 1782 1467 1848 πάντα

341 1889 620 1982 πραγματεύεσθαι,
641 1894 702 1954 είτε
720 1900 809 1955 τινῶν
829 1893 995 1980 ἀφηγοῖντο
1009 1881 1111 1973 ζῴων,
1135 1894 1196 1954 εἴτε
1215 1902 1339 1980 καρπῶν
1355 1895 1466 1958 ἀποτε-

340 2000 515 2092 ταγμένων,
537 2005 597 2065 είτε
612 2003 663 2064 καὶ
675 2051 700 2064 ..
717 2001 849 2090 ὄμβρων,
870 2000 1049 2090 πνευμάτων
1066 2001 1209 2089 μετρίων,
1230 1991 1362 2077 εὐδίας..
1377 2005 1465 2069 καὶ..

341 2103 478 2188 παιδείας
498 2110 685 2192 συναπάσης,
710 2118 842 2200 ἰατρικῆς
860 2134 896 2175 τε
915 2112 967 2174 καὶ
986 2122 1197 2201 γυμναστικῆς
1226 2119 1331 2194 Itaque
1350 2121 1465 2179 animae

342 2237 476 2287 naturam
491 2236 520 2286 et
535 2229 674 2304 originem
690 2228 849 2286 secundum
864 2229 1019 2285 Platonem
1040 2228 1193 2299 describit,
1214 2248 1251 2288 ex
1262 2229 1464 2309 Pythagoreo-

340 2359 405 2398 rum
419 2358 488 2397 vero
503 2347 532 2396 et
545 2337 737 2397 vetustiorum
751 2337 869 2414 placitis
884 2338 998 2397 animas
1011 2346 1126 2409 censet,
1141 2357 1215 2413 quos
1226 2338 1314 2398 Plato
1325 2340 1463 2419 imaginis

341 2468 429 2509 causa
444 2450 598 2508 daemones
617 2456 709 2507 vocat.
738 2449 861 2506 Praeter
879 2449 935 2507 hoc
954 2448 1111 2508 discrimen
1131 2449 1193 2507 fere
1213 2450 1347 2525 sequitur
1365 2453 1463 2513 Plato·

341 2580 423 2632 nem,
439 2559 579 2637 expositis
595 2559 767 2637 epinomidis
782 2559 888 2618 verbis.
919 2559 1023 2630 Addit,
1044 2561 1081 2617 ad
1094 2562 1187 2619 bonos
1203 2561 1361 2621 daemones
1377 2563 1463 2621 etiam

341 2671 458 2731 nuntios
473 2671 542 2731 illos
560 2671 722 2747 pertinere,
743 2688 815 2746 quos
836 2670 923 2730 Plato
941 2669 973 2728 in
993 2670 1122 2730 convivio
1142 2671 1300 2747 praedicet.
1329 2674 1462 2745 Animae,

340 2782 449 2859 pergit,
477 2782 522 2839 sui
541 2783 717 2857 impotentes
743 2789 773 2839 et
792 2781 1000 2858 cupiditatibus
1021 2781 1162 2841 obnoxiae
1181 2766 1319 2865 δαίμονες
1339 2778 1394 2867 μὲν
1412 2780 1462 2843 καὶ

342 2880 441 2965 αύται,
457 2886 617 2973 κακοεργοὶ
629 2874 655 2947 δ’
665 2884 701 2947 ἀν
713 2884 836 2959 εἰκότως
847 2884 992 2975 λέγοιντο.
1005 2893 1044 2951 39
1052 2912 1059 2950 :
1067 2933 1091 2950 ..
1103 2890 1135 2949 αἱ
1147 2875 1182 2949 δὲ
1192 2880 1461 2976 χαρακτηρίζουσαι

341 2994 377 3055 τύ
392 3003 509 3081 πνεῦμα
529 2980 630 3056 αὐτῶν
651 2995 761 3081 μορφαὶ
781 2993 860 3057 τοτὲ.
874 2994 929 3083 μὲν
944 2997 1169 3084 ,έπιφαίνονται,
1191 2996 1264 3061 τοτὲ
1287 2987 1322 3061 δὲ
1342 3003 1462 3087 ἀφανεῖς

341 3108 419 3167 εἰσιν.
434 3103 530 3166 ἐνίοτε
546 3092 581 3166 δὲ
595 3104 646 3166 καὶ
662 3102 884 3192 μεταβάλλουσι
898 3106 953 3181 τοὶς
965 3105 1087 3195 μορφάς.
1108 3106 1167 3192 (Ita
1176 3114 1213 3171 de
1224 3132 1318 3174 oraro.
1334 3136 1364 3193 p.
1380 3109 1460 3194 149.)

341 3215 371 3277 οί
383 3236 419 3304 γε
433 3213 554 3302 χείρους.
584 3218 715 3310 Longam
736 3239 836 3279 eorum
851 3222 941 3281 vitam
956 3241 1038 3293 esse,
1060 3242 1153 3299 neque
1168 3231 1265 3282 tamen
1279 3225 1459 3299 diuturnam3

339 3331 461 3389 formam
472 3333 612 3391 bonorum
620 3331 763 3403 decoram,
776 3333 918 3390 malornm
926 3340 1039 3409 turpem
1044 3354 1053 3405 3
1065 3335 1119 3392 hos
1126 3352 1217 3411 prope
1225 3344 1334 3394 terram
1342 3338 1460 3397 circnm-

340 3442 448 3519 vagari,
465 3424 551 3498 οὐδὲν
565 3444 627 3499 τῶν
643 3446 744 3499 κακῶν
760 3440 815 3500 ούκ
830 3438 1006 3525 ἐπιχειροῦσι
1021 3427 1134 3526 δρᾶν,..
1155 3428 1285 3527 σφοδρὰς
1300 3442 1353 3505 καὶ
1367 3447 1459 3531 αἰφνι-

341 3535 420 3636 δίους
432 3540 492 3609 οῖον
508 3534 627 3634 ἐνέδρας
642 3551 681 3621 ὡς
694 3546 731 3610 τὸ
745 3547 823 3610 πολὺ
838 3557 993 3611 ποιοῦνται
1003 3548 1059 3628 τάς
1069 3549 1243 3637 ἐμπτώσεις.
1270 3559 1311 3617 40
1320 3578 1360 3617 ι..
1376 3553 1459 3617 αύτοί

340 3660 430 3719 αίτιοι
445 3656 614 3745 γιγνόμενοι
628 3666 690 3721 τῶν
704 3658 770 3746 περὶ
784 3657 841 3728 την
856 3667 913 3747 γῆν
927 3656 1132 3746 παθημάτων,
1153 3654 1215 3727 οἷον
1235 3663 1366 3750 λοιμῶν,
1386 3665 1458 3751 ἀφο·

341 3776 423 3853 ριῶν,
445 3777 587 3855 σεισμῶν,
609 3770 732 3856 αὐχμῶν
747 3769 798 3831 καὶ
812 3776 874 3830 τῶν
889 3766 1052 3850 τοιούτων,
1072 3782 1105 3833 ut
1118 3776 1177 3851 ipsi
1191 3776 1319 3849 lateant,
1341 3797 1456 3855 persua-

340 3882 409 3938 dere
423 3882 508 3939 nobis
524 3883 655 3953 student,
676 3885 768 3943 bonos
788 3886 858 3943 deos
874 3884 1016 3943 malorum
1030 3903 1096 3944 esse
1110 3894 1243 3945 auctores
1257 3896 1290 3945 et
1302 3882 1456 3971 τρέπουσιν

339 3990 418 4074 ημάς
434 3986 481 4048 ἐπὶ
493 3987 642 4062 λιτανείας
656 3990 707 4050 καὶ
719 3985 820 4063 θυσίας
830 3998 892 4052 τῶν
904 3986 1099 4079 ἀγαθοεργῶν
1115 3988 1191 4054 θεῶν
1204 3995 1246 4066 ὡς
1258 3992 1455 4083 ὠργισμένων.

339 4134 380 4142 -
396 4103 450 4161 42:
471 4093 638 4167 Ἀπατῆσαι
659 4099 754 4161 ἱκανοὶ
775 4088 825 4161 διά
844 4107 899 4173 τῆς
918 4100 1137 4189 τερατουργίας.
1153 4089 1203 4168 διά
1216 4101 1337 4166 τούτων
1351 4104 1455 4192 φίλτρα

339 4210 389 4270 καὶ
410 4205 538 4295 ἐρωτικά
558 4199 831 4283 κατασκευάζουσιν
851 4214 878 4272 οἱ
893 4199 1137 4298 κακοδαίμονες..
1156 4211 1193 4274 τὸ
1213 4203 1323 4297 ψεῦδος
1342 4214 1454 4285 τούτοις

339 4324 459 4381 οἰκεῖον·
481 4316 640 4401 βούλονται
662 4317 718 4406 γάρ
734 4314 807 4391 εἶναι
828 4316 904 4399 θεοί,
925 4321 976 4383 καὶ
996 4325 1201 4409 ηπροεστῶσα
1220 4325 1322 4386 αὐτῶν
1338 4314 1453 4409 δύναμις

340 4426 472 4511 (Sarapis
488 4442 517 4492 et
531 4435 658 4505 Hecate,
674 4442 706 4492 ut
721 4434 763 4492 ait
776 4435 813 4492 de
828 4454 920 4504 oracc,
936 4457 966 4512 p.
982 4438 1039 4495 147
1056 4444 1086 4494 et
1102 4429 1173 4515 150)
1189 4421 1288 4495 δοκεῖν
1304 4432 1371 4509 θεὸς
1385 4430 1453 4497 εἶναι

340 4540 356 4600 ὁ
376 4536 524 4625 μέγιστος.
547 4533 630 4603 οὗτοι
656 4544 683 4602 οἱ
702 4540 855 4627 χαίροντες
874 4541 962 4624 λοιβῇ
982 4563 1017 4604 τε
1037 4542 1141 4626 κνίσση
1160 4563 1211 4621 τε,
1238 4532 1275 4605 δι’
1294 4537 1338 4607 ὧν
1358 4549 1452 4608 αὐτῶν
