3592 5400
320 521 381 586 164
801 539 892 582 urana
913 541 945 582 n.

318 692 369 754 καὶ
384 688 474 754 πάλιν
490 686 602 753 ἄλλοτέ
617 710 700 775 φησι·

446 798 557 864 λύσατέ
572 822 623 888 μοι
639 797 829 885 στεράνουςῙ,
845 799 896 861 καί
911 821 967 888 μευ
982 789 1078 873 πόδας
1093 788 1182 860 ύδατι
1197 801 1300 880 λευκῷ

446 909 568 1000 ράνατε,
584 911 634 973 καὶ
649 906 807 999 γραμμάςῖ
822 905 1040 995 sesterces,
1056 910 1107 971 καί
1121 931 1161 971 κε
1178 907 1310 997 μύλοιμι.

444 1019 551 1109 Χειρὸς
567 1010 717 1108 δεξιτερῆς
733 1009 845 1109 δάφνης
859 1010 974 1083 κλάδον
989 1017 1082 1108 ἄρατε
1097 1019 1189 1108 χερσί,

279 1153 292 1191 υ
447 1125 618 1219 pilente*
633 1128 805 1218 ὀφθαλμοὺς
822 1119 962 1219 διδύμους
977 1129 1055 1220 ρ’ῖνάς
1068 1153 1104 1192 τε
1119 1129 1306 1217 προσώπυυῡ.

352 1250 422 1307 230.
447 1239 540 1329 άρατε
556 1251 644 1328 φῶτα
659 1238 802 1331 γαίιοθεν6
817 1241 1039 1316 ἀναστήσαντες
1053 1244 1165 1329 ἑταῖροι

387 1343 430 1410 Οἷς
448 1348 552 1418 ἐπιλέγει
570 1346 583 1401 ὁ
602 1350 768 1420 συγγραφεύς·

382 1444 445 1520 Τάς
464 1444 605 1534 γραμμάς
624 1446 721 1508 τοίνυν
743 1444 984 1533 παρακελεύεται
1006 1429 1213 1533 ἀπαλείφεινῗ,
1240 1446 1289 1508 ἵνα
1312 1443 1436 1529 ἀπέλθῃ·

318 1555 432 1630 ταύτας
451 1555 508 1644 γάρ
529 1566 658 1644 κρατεῖν,
679 1557 730 1619 καὶ
750 1555 851 1645 μέντοι
871 1558 923 1619 καὶ
940 1557 978 1623 τὸ
994 1554 1071 1619 ἄλλο
1090 1565 1193 1644 σχῆμα
1212 1565 1268 1630 τῖις
1287 1545 1436 1632 ἐνδύσεως,

320 1657 370 1730 διά
384 1656 421 1729 ro*
437 1664 533 1753 φέρειν
549 1667 740 1755 εἰκονίσματα
754 1676 815 1730 τῶν
830 1665 1023 1756 κεκλημένων
1038 1664 1120 1729 θεῶν.

382 1781 527 1859 Magicam
548 1782 696 1842 simulacri
718 1784 935 1842 exornationem
955 1803 990 1841 ex
1010 1784 1125 1842 oraculo
1145 1782 1209 1860 ipso
1232 1783 1436 1861 intellegimus.

320 1891 416 1971 Caput
429 1893 511 1952 vittis
526 1895 719 1970 verbenisque
734 1901 917 1965 coronatum,
935 1894 1025 1952 facies
1040 1902 1131 1952 uncta
1146 1887 1193 1973 (of.
1210 1895 1438 1952 additamentum

319 2003 356 2063 de
370 2005 475 2064 statuis
491 1997 723 2084 consecrandis),
746 2005 848 2063 dextra
868 2024 979 2063 ramum
1000 2006 1130 2064 laureum
1148 2012 1269 2084 gestans
1293 1998 1340 2084 (de
1362 2005 1437 2062 cuius

318 2136 374 2175 usu
388 2115 499 2194 magico
515 2116 551 2175 cf.
568 2116 796 2174 additamentum
812 2116 848 2173 de
863 2116 981 2175 lacertis
994 2109 1090 2195 cett),
1106 2117 1195 2193 pedes
1210 2116 1304 2193 signis
1318 2115 1436 2194 magieis

320 2228 397 2285 tecti.
413 2227 470 2284 His
483 2227 572 2304 igitur
582 2229 670 2286 rebus
682 2227 787 2284 amotis
801 2226 887 2297 deus,
900 2227 950 2302 qui
963 2227 994 2284 in
1005 2233 1104 2285 aerem
1115 2228 1263 2287 detractus
1277 2247 1314 2285 ex
1324 2228 1437 2285 aethere

319 2346 349 2396 et
363 2337 511 2395 hominum
526 2337 668 2395 voluntati
683 2337 829 2396 subiectus
852 2344 882 2395 et
901 2338 985 2412 quasi
1005 2338 1157 2396 divinitate
1177 2337 1309 2414 privatus
1329 2339 1436 2406 aderat,

319 2448 357 2508 ad
380 2449 490 2507 caelum
512 2467 614 2507 rursus
636 2447 733 2506 volare
754 2454 877 2525 poterat.
913 2449 1060 2508 Eusebius
1084 2449 1115 2506 in
1137 2449 1239 2508 herum
1260 2449 1436 2507 oraculorum

321 2611 391 2674 θείαις
409 2629 489 2682 quam
507 2611 568 2663 θεῖαι
585 2612 711 2675 scribare,
733 2618 763 2664 ut
778 2612 872 2664 Musae
894 2627 998 2681 quoque
1022 2611 1155 2681 epitheton
1178 2610 1293 2664 habeant
1311 2628 1395 2681 aeque
1412 2625 1437 2662 ec

318 2697 468 2768 Nymphae,
487 2704 513 2751 et
529 2704 560 2751 nt
575 2697 662 2772 hiatus
681 2697 799 2753 evitetur.
826 2697 913 2767 Vulgo
931 2716 986 2751 non
1002 2705 1064 2767 post
1080 2697 1129 2751 hoc
1146 2715 1216 2764 voc,
1236 2697 1282 2751 scd
1300 2704 1363 2769 post
1379 2697 1436 2749 Φοῖ-

321 2783 363 2852 βον
380 2785 581 2854 interpungitur.

388 2869 501 2924 ¹Vittas
525 2875 551 2920 et
572 2869 712 2933 verbenas,
736 2884 803 2938 quae
827 2868 872 2920 tali
894 2869 923 2920 in
946 2870 1141 2922 consecratione
1164 2885 1300 2939 uunquam
1324 2870 1436 2929 deerant;

321 2954 354 3006 cf.
366 2952 473 3007 Theocr.
486 2954 514 3017 2,
528 2954 605 3021 Verg.
618 2954 676 3006 buc.
696 2952 723 3017 8,
742 2955 776 3007 al.
811 2954 855 3006 Sic
872 2954 1004 3008 Ammian.
1016 2955 1098 3009 Mare.
1113 2955 1152 3007 19.
1167 2955 1188 3006 l.
1201 2954 1247 3007 31:
1265 2958 1383 3009 torulum
1400 2972 1436 3008 ca·

320 3037 369 3107 piti
385 3036 584 3091 circumflexum
602 3042 628 3089 at
644 3038 771 3089 verbenas
788 3038 871 3090 felicis
890 3040 998 3092 arboris.
1276 3022 1283 3039 ’

390 3122 400 3155 ²
418 3121 533 3193 Γραμμαί
545 3127 606 3175 sunt
618 3121 777 3175 characteres
790 3125 894 3193 magici.
916 3123 1009 3193 Porph.
1022 3123 1053 3176 de
1065 3126 1132 3180 abst.
1146 3125 1170 3179 2.
1184 3125 1230 3178 36;
1249 3124 1272 3176 ci
1287 3130 1349 3196 γοῦν
1361 3126 1437 3177 Πυθα-

320 3210 411 3278 γόρειοι
428 3208 482 3277 περὶ
499 3206 556 3267 τούς
577 3206 692 3277 ἀριθμούς
716 3208 756 3259 καλ
779 3207 821 3268 τὰς
845 3209 988 3279 γραμμὰς
1010 3211 1202 3279 σπουδάζοντες,
1226 3209 1274 3261 ἀπδ
1300 3213 1396 3263 τούτων
1412 3210 1435 3261 τὸ

289 3312 302 3322 ·
320 3291 395 3344 πλέον
413 3296 464 3353 τοῖς
484 3293 545 3353 θεοῖς
565 3289 720 3363 ἀπήρχοντο,
743 3292 785 3345 τὀν
805 3293 847 3363 μέν
866 3312 919 3345 τινα
937 3293 1038 3364 ἀριθμὸν
1055 3292 1159 3361 Ἀθηνᾶν
1182 3295 1328 3366 καλοῦντες,
1351 3296 1393 3348 τὸν
1415 3294 1438 3346 δέ

319 3396 373 3429 τινα
390 3367 518 3448 Ἄρτεμιν,
542 3378 626 3450 ὥσπερ
645 3372 675 3429 αὖ
694 3375 770 3430 ἄλλον
788 3376 940 3429 Ἀπόλλωνα
957 3380 997 3430 καλ
1015 3379 1088 3431 πάλιν
1111 3376 1188 3431 ἄλλον
1211 3381 1255 3450 μὲν
1278 3382 1436 3446 δικαιοσύνην,

321 3460 397 3515 ἄλλον
417 3464 443 3515 δὲ
461 3464 634 3535 σωφροσύνην·
654 3464 695 3515 καλ
713 3461 751 3514 ἐπὶ
769 3467 818 3514 τῶν
831 3462 1026 3534 διαγραμμάτων
1040 3464 1141 3535 ὁμοίως.
1161 3465 1201 3517 καλ
1215 3466 1296 3527 ούτως
1308 3466 1437 3537 ἠρέσκοντο

320 3552 370 3610 τοῖς
389 3549 451 3610 θεοῖς
470 3552 523 3609 ταῖς
541 3550 663 3609 τοιαύταις
682 3547 818 3619 ἀπαρχαῖς,
837 3547 870 3609 ὡς
889 3550 930 3601 καὶ
947 3548 1075 3620 τυγχάνειν
1094 3550 1175 3602 αύτῶν
1188 3551 1327 3614 καλοῦντας
1340 3552 1436 3604 ἕκαστον

320 3638 371 3695 τοῖς
389 3633 540 3705 ἀναθήμασιν
559 3636 593 3706 (t)
612 3635 652 3686 καὶ
671 3635 803 3705 κεχρῆσθαι
827 3632 947 3694 πολλάκις
971 3634 1032 3705 πρὸς
1057 3636 1170 3705 μαντείαν
1194 3637 1233 3687 καλ
1257 3636 1279 3689 εἴ
1295 3656 1359 3699 τινος
1382 3638 1436 3709 πρὸς

313 3716 426 3781 -ἔξέτασιν
445 3721 545 3772 δέοιντο.

388 3803 566 3875 ῖάπολεῖψατε
588 3807 619 3858 Ι).
655 3807 722 3859 Τυιιι
746 3805 845 3876 μέλοιμι
862 3807 921 3871 ΑΗ,
945 3824 973 3875 γε
997 3823 1088 3859 omnes
1111 3808 1184 3861 codd.
1209 3814 1235 3860 et
1257 3808 1392 3879 chrysost.
1413 3809 1436 3860 in

321 3889 388 3959 apl
414 3890 447 3941 ad
470 3889 584 3945 Corinth.
601 3890 672 3943 hom.
688 3891 729 3944 29.
747 3892 836 3961 'cap.l
855 3909 879 3962 p.
891 3891 942 3944 260
951 3908 973 3943 a.
998 3893 1043 3961 qui
1065 3890 1153 3962 ῥάνατε
1174 3912 1197 3946 κ.
1214 3912 1238 3962 γ.
1257 3892 1279 3944 ἆ.
1304 3895 1373 3965 καὶγε
1396 3911 1436 3965 με

321 3972 390 4043 λοῖμι
407 3973 490 4027 affert.

389 4060 401 4093 ⁴
419 4058 509 4128 ψύχετε
526 4060 562 4124 Ι),
579 4061 634 4113 rell.
653 4060 751 4131 ψήχετε.
786 4063 877 4115 Adieci
893 4062 915 4113 τ’
934 4079 968 4114 ex
986 4064 1052 4117 ocni.
1073 4063 1156 4116 Gaisi.

389 4144 400 4176 ⁵
418 4144 543 4213 πρόσωπα
559 4144 595 4209 Β,
615 4147 749 4216 πρόσωπον
766 4148 826 4212 HD,
848 4148 888 4198 nai
906 4149 1041 4218 πρόσωπον
1060 4149 1100 4201 OF
1103 4149 1134 4202 G.

389 4231 400 4264 ⁶
419 4229 562 4299 Corripitur
580 4238 609 4282 ut
626 4230 703 4282 Παιάν
721 4233 762 4285 vel
781 4249 821 4302 ap.
834 4232 922 4303 Eurip.
934 4235 989 4286 Alc.
1003 4233 1053 4285 222
1064 4235 1140 4288 Herc.
1156 4234 1174 4288 f.
1188 4234 1252 4299 300,
1270 4236 1379 4303 ποιήσεις
1391 4242 1433 4287 etc.

321 4330 361 4384 ap.
375 4314 455 4385 Soph.
469 4314 559 4368 Trach.
572 4314 630 4368 385.
643 4314 701 4371 390.
716 4316 773 4369 743.
785 4316 849 4370 1249
863 4324 910 4371 etc.
921 4318 1037 4369 Βοιώτιον
1050 4318 1130 4389 Scph.
1140 4320 1172 4371 fr.
1181 4320 1232 4373 inc.
1245 4320 1302 4374 105.
1312 4322 1353 4377 69.
1366 4324 1433 4374 Alex.

320 4399 403 4452 Aetol.
420 4418 445 4470 p.
455 4400 505 4453 230
518 4406 543 4453 et
554 4419 579 4471 p.
593 4401 642 4453 233
654 4401 767 4456 Meinek.
787 4404 853 4455 anal.
870 4404 946 4457 Alex.
965 4404 1004 4458 Cf.
1016 4406 1068 4457 alia
1084 4421 1125 4474 ap.
1137 4405 1232 4461 Matth.
1250 4422 1289 4477 gr.
1307 4423 1346 4477 gr.
1363 4410 1386 4473 ξ.
1396 4402 1432 4457 23.

320 4481 426 4537 Lachm.
439 4485 470 4537 de
482 4486 552 4541 chor.
566 4493 630 4555 syst.
642 4504 668 4557 p.
680 4486 735 4541 154.
746 4506 772 4558 p.
785 4488 839 4540 165.

390 4568 401 4602 7
419 4566 522 4639 ἀλείφειν
541 4571 642 4639 GBFG,
660 4569 760 4642 ἀλήρειν
777 4572 808 4627 D.
