3592 5400
398 505 440 568 98
697 523 794 567 cneus
809 523 849 565 vr.
871 522 1011 566 onncrma
1025 521 1215 564 scurronum

586 673 730 760 κρυφίοισι
744 671 880 735 circorum
894 677 970 759 ἔχων
985 660 1196 734 δυσεπαλθέαῙ
1210 676 1323 732 νοῦσον.

398 792 487 860 Rem,
504 810 560 847 non
575 790 658 865 ipsos
673 807 791 858 versus,
806 787 991 845 Herodianus
1007 787 1096 844 tradit
1111 789 1139 845 4.
1159 787 1207 845 12.
1225 787 1254 844 3.

461 902 547 960 Ultro
562 899 699 976 apparuit
712 899 815 956 umbra
824 898 960 975 Buplagi,
976 897 1116 974 praefecti
1130 897 1244 954 alarum
1255 893 1456 971 Syriacamm,
1471 895 1516 971 qui

397 1030 450 1088 pro
470 1008 618 1070 Antiocho'
632 1010 673 1068 M.
695 1009 837 1068 dimicans
857 1029 875 1085 a
894 1009 1037 1067 Romanis
1057 1008 1095 1065 ad
1114 1007 1329 1083 Thermopylas
1350 1006 1516 1064 interfectus

398 1131 452 1182 est.
483 1123 578 1180 Huius
599 1121 689 1199 igitur
707 1122 840 1178 umbram
859 1118 1003 1177 Romanis
1023 1118 1151 1194 quinque
1170 1120 1356 1177 hexametros
1378 1117 1518 1175 cecinisse

397 1234 509 1310 Phlege
524 1232 694 1290 Trallianus
714 1231 838 1288 mirabli.
855 1232 872 1288 3
895 1222 1063 1306 (Westerm.
1079 1228 1268 1306 paradoxogr.
1284 1249 1314 1306 p.-
1333 1221 1406 1307 126)
1422 1228 1518 1296 tradit,

398 1351 515 1401 auctore
531 1361 600 1400 usus
615 1318 792 1400 Antisthene
806 1339 1012 1416 Peripatetico.
1039 1340 1080 1397 Et
1091 1347 1123 1396 ut
1134 1338 1246 1416 Orphei
1258 1347 1347 1415 caput
1358 1338 1517 1396 abscissum

398 1455 428 1510 in
443 1453 541 1511 Lesbo
562 1452 659 1509 insula
678 1451 832 1509 vaticinari
851 1450 1011 1514 narrabant
1031 1442 1188 1527 (Philostr.
1207 1450 1316 1508 heroic.
1337 1450 1391 1507 VI.
1408 1441 1461 1526 4),
1481 1448 1519 1504 ita

399 1566 434 1622 P.
453 1564 537 1621 Acilii
558 1562 727 1622 Glabrionis
748 1569 835 1638 caput
853 1561 997 1619 Antiocho
1012 1562 1053 1618 M.
1075 1561 1112 1618 ad
1126 1561 1341 1637 Thermopylas
1361 1559 1438 1617 victo
1453 1558 1518 1616 duo-

399 1673 492 1731 decim
509 1675 691 1730 hexametros
712 1673 819 1730 oraculi
840 1691 928 1730 causa
948 1671 1075 1729 edidisse
1094 1671 1172 1728 idem
1188 1671 1240 1729 ille
1254 1671 1368 1749 Phlege
1382 1670 1474 1727 refert
1487 1688 1519 1726 ex

399 1784 576 1842 Antisthene
589 1777 757 1861 (Westerm.
770 1783 870 1860 parad.
884 1804 913 1860 p.
930 1775 1010 1861 130),
1028 1802 1064 1840 cx
1073 1782 1204 1841 Hierone
1214 1781 1414 1840 Alexandrino
1426 1787 1518 1838 antem

400 1914 424 1952 s.
437 1895 566 1971 Ephesio
578 1871 703 1979 triginta·
712 1896 896 1953 hexametros
907 1893 1023 1970 repetit,
1039 1911 1112 1970 quos
1126 1892 1157 1950 in
1170 1890 1286 1950 Aetolia
1299 1890 1425 1950 infantis
1437 1897 1520 1967 caput

400 2007 545 2081 quondam
560 2005 714 2082 protulerit
734 1999 816 2082 (ibid.
832 2023 896 2082 cap.
914 2006 931 2063 l
947 2024 976 2080 p.
996 1996 1077 2081 124).
1107 2003 1155 2061 De
1174 2002 1313 2073 oraculis,
1335 2020 1412 2078 quae
1426 2010 1519 2079 poste·

399 2116 524 2175 rioribus
545 2116 723 2192 temporibus
744 2135 780 2173 ex
795 2115 944 2191 lapidibus
960 2115 1053 2190 petita
1066 2113 1249 2190 ferebantur,
1269 2111 1519 2172 commentationis

400 2227 436 2284 de
451 2227 610 2284 novissima
625 2227 805 2283 oraculorum
820 2232 916 2282 aetate
930 2245 959 2300 p.
976 2225 1014 2283 51
1028 2242 1073 2299 sq.
1090 2223 1160 2282 diri.

466 2352 586 2413 Scilicet
600 2372 658 2410 non
673 2352 713 2410 dii
729 2359 841 2409 tantum
854 2352 964 2410 evocati
974 2352 1159 2427 umbraeque,
1175 2351 1227 2410 sed
1241 2351 1331 2409 etiarn
1341 2351 1445 2410 annuli
1456 2355 1519 2428 poi·

400 2472 449 2522 tae
467 2463 583 2521 fuemnt
602 2463 680 2540 apud
700 2461 839 2522 Graecos.
879 2459 968 2520 (luins
987 2461 1030 2519 rei
1049 2454 1275 2544 πολυθρύλητον
1295 2435 1341 2521 est
1359 2463 1519 2539 exemplum

401 2576 477 2652 apud
493 2574 637 2633 Ammian.
654 2575 745 2632 Marc.
763 2575 812 2632 29.
832 2577 858 2631 1.
876 2574 926 2632 29.
958 2572 1063 2632 Graeci
1084 2573 1162 2630 enim
1177 2572 1344 2650 philosophi
1360 2573 1479 2650 quidam
1494 2593 1518 2630 a.

402 2689 473 2757 371,
489 2707 577 2763 quum
592 2686 627 2743 de
641 2684 776 2743 Valentis
790 2683 980 2761 Imperatoris
1000 2702 1168 2743 successore
1188 2683 1325 2743 certiores
1345 2683 1411 2742 fieri
1427 2685 1519 2744 stude·

401 2806 481 2867 rent,
502 2816 632 2855 mensam
655 2797 709 2869 „ad
731 2796 859 2854 cortinae
880 2794 1101 2853 similitudinem
1121 2792 1304 2871 Delphicae‘f
1326 2803 1520 2856 constructam

401 2908 512 2965 artibus
524 2906 639 2964 areanis
651 2914 811 2976 moverunt,
826 2913 981 2983 postquam
992 2905 1023 2962 in
1035 2906 1133 2965 lances
1144 2906 1285 2965 rotundae
1296 2906 1409 2965 ambitu
1420 2904 1519 2985 viginti

402 3005 538 3092 quattuor
557 3017 700 3075 elementa
719 3017 908 3093 scripserunt.
941 3013 1067 3091 „Hanc²
1085 3016 1186 3076 linteis
1206 3016 1323 3093 quidam
1342 3017 1520 3075 indumentis

402 3127 524 3186 amictus
532 3170 539 3184 .
548 3170 569 3185 ..
584 3126 751 3205 supersistit
763 3127 931 3198 cortinulae,
941 3120 953 3159 ³
963 3127 1107 3204 pensilem
1118 3128 1257 3185 annulum
1269 3127 1392 3199 librans,
1404 3120 1521 3205 aptom⁴

402 3256 438 3295 ex
458 3233 606 3297 carbasio⁵
627 3238 676 3296 filo
696 3257 835 3315 perquam
855 3238 958 3297 levi...
980 3239 1029 3314 qui
1048 3258 1102 3316 per
1120 3238 1275 3297 intervalla
1294 3238 1436 3306 distincta
1455 3237 1521 3297 reti-

402 3349 537 3407 nentibus
553 3349 678 3427 singulis
692 3349 798 3408 litteris
813 3348 947 3408 incidens
962 3349 1122 3420 saltuatim,
1137 3351 1241 3409 heroos
1257 3349 1347 3407 elficit
1360 3332 1465 3409 versus
1479 3350 1521 3407 in·

402 3460 644 3537 terrogationibus
660 3477 812 3532 consonos,
828 3461 1011 3520 adnumeres
1023 3468 1053 3519 et
1064 3460 1164 3519 modos
1176 3462 1262 3537 plene
1273 3461 1438 3533 conclusoS,
1454 3480 1522 3538 qua·

471 3702 479 3734 ¹
500 3700 543 3753 Sic
556 3700 649 3771 scripsi
660 3718 706 3770 pro
720 3699 852 3755 δυσαλθέα.
871 3697 998 3766 ’Euclide
1011 3705 1079 3753 certe
1091 3700 1229 3770 aliquoties
1241 3700 1346 3770 legitur.
1370 3701 1520 3770 Hieronym.

402 3784 481 3839 wolf.
493 3787 652 3856 transponit:
669 3803 689 3837 τ.
703 3782 722 3837 ἔ.
736 3805 758 3836 κ.
772 3787 794 3837 ὃ.
807 3804 827 3838 ν.
1275 3777 1278 3784 “

470 3871 481 3903 ⁹
500 3870 543 3922 Sic
555 3869 694 3922 Lindenbr.
705 3877 775 3924 recte
786 3888 833 3940 pro
845 3870 903 3924 hac.

471 3954 482 3986 ³
499 3955 586 4021 Vulgo
601 3956 775 4023 ,supersistitr
789 3949 924 4008 cortinulis
936 3957 1063 4026 pensilem
1076 3998 1082 4011 .
1095 3960 1123 4012 .“
1143 3956 1222 4011 Godd.
1238 3956 1366 4025 praebent
1382 3957 1521 4010 eortiunles

403 4044 429 4091 et
440 4039 581 4090 cortinulae
594 4043 620 4089 et
631 4039 752 4092 lacunam
764 4045 823 4092 aute
835 4042 975 4111 pensilem3
987 4042 1076 4110 itaque
1087 4041 1147 4096 fort.
1160 4058 1210 4093 ser.
1220 4041 1336 4093 cortinae
1348 4055 1429 4111 supra
1441 4042 1522 4095 dictas

403 4125 443 4175 vel
456 4125 507 4175 tale
525 4122 594 4191 quid.

471 4208 482 4238 ⁴
500 4209 586 4276 Vulgo
600 4214 710 4273 sartum,
723 4210 797 4264 codd.
811 4215 920 4264 arctum.
932 4209 1049 4279 Wagner
1058 4229 1139 4282 quum
1150 4213 1203 4265 alia
1215 4212 1326 4276 coniicit,
1337 4218 1395 4265 tum
1407 4218 1522 4283 aptum,

404 4294 472 4362 quod
488 4292 619 4346 Kaercher
636 4299 774 4348 comment.
792 4294 870 4362 Lycei
883 4295 1011 4348 Carlsruh.
1025 4315 1048 4348 a.
1065 4296 1130 4349 1854
1141 4315 1166 4366 p.
1180 4297 1211 4348 21
1230 4297 1345 4366 explicat
1359 4298 1406 4350 filo
1419 4315 1522 4351 annexu

404 4379 599 4446 dependentem.
616 4380 674 4447 Ipse
686 4378 815 4433 Kaercher
827 4384 912 4432 artum
925 4381 1050 4449 praefert,
1063 4382 1132 4451 quod
1143 4382 1213 4434 idem
1225 4381 1368 4456 significet,
1381 4382 1521 4435 dummodo

404 4463 437 4513 ab
449 4462 544 4515 arendo
558 4464 673 4517 ducatur.

472 4547 481 4577 ⁵
500 4548 543 4599 Sic
555 4550 675 4602 Valesius
687 4567 734 4620 pro
748 4549 894 4620 Carpathio,
