3592 5400
349 664 391 725 50
782 677 892 723 nonar.

342 876 441 947 tuere,
472 871 552 935 facta
581 869 800 956 comparatione
831 891 899 934 oum
930 868 984 934 illa
1011 869 1073 933 vita
1097 868 1225 948 Graece,
1249 891 1325 955 quae

344 1009 513 1096 Philopono
536 1007 692 1085 tribuitur,
715 1007 786 1073 licet
808 1008 860 1073 ille
883 1007 980 1074 multo
1004 1008 1121 1073 auctior
1144 1007 1233 1094 hujus
1253 1030 1324 1074 oon·

344 1150 479 1216 tentione
502 1147 673 1225 reddatur„
697 1146 784 1220 Quae
801 1152 902 1213 autem
922 1147 986 1235 ipse
1006 1147 1138 1226 addidit,
1159 1147 1205 1214 vel
1226 1169 1326 1213 emen·

344 1287 441 1365 davit,
467 1288 623 1374 praecipue
645 1286 717 1351 haec
741 1290 827 1351 sunt:

387 1426 463 1493 Post
485 1425 708 1515 (verumetiam
729 1424 787 1490 sibi
808 1425 905 1489 filium
925 1425 1091 1513 adoptavit)
1111 1425 1184 1490 haec
1204 1425 1326 1491 deerant

343 1567 377 1631 in
397 1565 476 1631 Ms:
498 1572 528 1631 et
539 1566 668 1630 maricae
680 1567 715 1630 in
730 1587 785 1630 rao
805 1571 983 1630 testamento
994 1565 1096 1650 jussit
1112 1565 1326 1652 aaamfitiam,

343 1728 418 1791 quae
441 1705 514 1770 bene
535 1704 675 1791 repetivit
699 1704 821 1769 arvite
845 1703 962 1768 Graeca
983 1702 1282 1769 Pseudo-Ammonii.

387 1946 459 2033 Peg.
484 1950 535 2011 58.
558 1944 608 2010 Ad
638 1943 690 2010 illa
714 1942 818 2009 verba:
844 1943 961 2009 Iliadis
984 1945 1153 2022 dictamen,
1185 1945 1324 2011 adnotat:

342 2094 470 2172 “patrna
500 2107 517 2149 a
546 2082 675 2149 barbaris
710 2081 872 2150 vocabatur
897 2082 1064 2161 dictamen,
1086 2088 1122 2149 ut
1145 2089 1263 2150 constat
1286 2107 1324 2150 ex

343 2247 447 2291 eorum
470 2223 625 2310 scriptis„

387 2466 459 2552 Pag.
485 2469 535 2530 68.
558 2463 607 2529 Ad
629 2461 732 2529 verba:
756 2461 843 2528 Sicut
863 2462 931 2546 ipae
947 2462 1086 2527 declarat
1102 2463 1227 2529 mittens
1243 2463 1321 2529 Phi-

342 2604 442 2691 lippo,
461 2602 534 2669 haec
556 2601 662 2668 scribit
682 2601 876 2667 Nunnesius:
901 2601 999 2667 “haec
1023 2600 1111 2668 verba
1132 2625 1193 2668 nou
1216 2603 1321 2692 legun·

341 2749 391 2809 tur
420 2744 454 2808 in
483 2741 557 2808 Cod.
582 2743 713 2807 Graeco:
744 2742 806 2824 (So.
828 2740 1118 2807 Pseudo-Ammonii
1141 2766 1192 2807 seu
1216 2743 1320 2809 Philo-

340 2883 425 2970 poni)
457 2881 510 2948 illa
544 2888 644 2946 tamen
675 2883 720 2946 sic
754 2882 880 2968 accipio,
909 2887 944 2946 ut
978 2883 1103 2947 mittens
1137 2882 1177 2947 sit
1207 2884 1322 2948 Graece

341 3020 552 3087 ἐπιστέλλων.
564 3068 589 3100 ,,
608 3020 789 3086 Rectissime
808 3020 953 3107 conjecit,
975 3023 1057 3107 quod
1080 3022 1159 3109 apud
1181 3030 1320 3089 nostrum

340 3162 373 3227 in
396 3164 511 3228 Graeca
532 3162 595 3227 vita
616 3182 698 3226 nuno
720 3161 840 3249 legitur.

384 3404 457 3492 Peg.
489 3407 539 3471 75.
570 3404 667 3469 Ptaro
698 3411 799 3468 autam
830 3408 922 3469 actua
936 3404 1013 3487 fait
1036 3404 1173 3469 Dictimo
1195 3405 1228 3469 in
1251 3404 1317 3471 MS.

339 3543 495 3631 legebatur
518 3544 671 3631 Dictpmc.

387 3797 460 3883 Peg.
485 3801 536 3861 83.
556 3796 606 3862 Ad
625 3795 692 3861 illa:
706 3796 793 3861 dicat
817 3795 1021 3862 Philochorus
1040 3798 1252 3875 dictoriaacc't,
1274 3799 1319 3865 rio

340 3936 443 4002 habet:
467 3936 542 4002 “Sic
565 3935 804 4014 emendavimus,
828 3957 897 4001 oum
922 3936 954 4000 in
976 3935 1041 4000 MS.
1065 3935 1212 4023 legeretur
1234 3938 1314 4002 Pii·
1389 4006 1391 4010 ,

341 4077 461 4143 dotatas.
492 4075 692 4142 Philochorus
723 4076 886 4142 historicus
917 4076 1102 4143 clarissimus
1132 4078 1192 4143 fuit
1222 4077 1316 4144 Athe·

340 4217 470 4295 niensis,
489 4216 525 4281 de
547 4239 606 4302 quo
625 4216 749 4281 Suidas:
768 4218 795 4281 is
826 4218 984 4304 scripserat
1003 4224 1117 4305 praeter
1138 4218 1196 4283 alia
1218 4217 1317 4282 XVII

340 4357 433 4423 libros
455 4379 554 4423 rerum
577 4358 763 4436 Atticarum,
788 4358 840 4443 qui
863 4380 881 4423 a
903 4358 1010 4445 priscis
1036 4358 1232 4446 scriptoribus
1250 4383 1315 4448 pas-

341 4499 398 4563 sim
421 4498 561 4564 citantur.
