3592 5400
623 493 719 536 cleri
733 492 762 533 λ’.
785 494 827 535 me
842 493 1047 537 onumeravit
1063 495 1181 537 Mfflilss.
1420 473 1458 538 81

338 643 506 703 τελευταῖα
518 636 691 701 ποιούντων.
724 637 887 726 Μίμνηται
908 629 941 702 δὲ
961 641 1055 713 αὐτῆς
1074 630 1292 728 Μένανδρον,
1325 640 1408 705 Φασὶ
1429 631 1462 706 δὲ

339 751 386 812 ὅτι
399 747 600 836 Πολυκράτης
611 751 628 810 ὀ
639 745 762 832 Σαμίων
772 746 926 836 τύραννος,
941 748 1017 811 ἑλὼν
1029 744 1163 820 Ῥήνειαν
1175 750 1226 812 καὶ
1238 747 1355 825 ἀναθεὶς
1367 753 1461 823 αύτήν

339 859 510 922 Ἀπόλλωνι
524 867 569 940 τῷ
580 857 697 940 Δηλίῳ,
712 860 817 947 ἀγῶνα
829 855 887 932 θεὶς
902 856 1074 936 κάλλιστον,
1090 858 1192 946 ήρώτα
1203 856 1321 948 πέμψας
1333 866 1373 936 εἰς
1384 861 1461 925 Δελ-

340 967 426 1056 φούς,
447 977 510 1043 πῶς
531 957 582 1031 δεῖ
598 971 703 1031 καλεῖν
721 968 775 1031 τὸν
795 970 914 1057 ἀγῶνα,
940 967 1038 1038 Δήλια
1058 965 1077 1038 ἢ
1100 965 1208 1032 Πύθια
1249 968 1372 1052 (Suidas
1391 995 1415 1036 s.
1432 998 1459 1038 v.

339 1076 442 1142 Πύθια
457 1091 487 1142 et
501 1084 634 1162 Apostol.
649 1084 697 1143 15.
711 1085 729 1143 9
751 1084 935 1143 cousuluisse
954 1084 1088 1159 tradunt,
1111 1083 1137 1141 εἰ
1151 1078 1192 1142 ταὶ
1205 1089 1260 1154 τῆς
1275 1076 1376 1155 θυσίας
1391 1077 1459 1170 α’ίγει

339 1188 422 1251 κατα
436 1187 474 1251 ro*
486 1187 653 1277 ὡρισμένον,
668 1193 792 1253 Photius
803 1212 828 1253 s.
840 1213 867 1251 v.
880 1185 993 1251 Πύθιαι
1009 1188 1091 1251 κατα
1101 1188 1155 1251 τόν
1167 1187 1326 1277 ὡρισμένον
1337 1189 1459 1278 γρύνον.)

338 1296 452 1361 Ἁνεῖλε
469 1287 502 1361 δὲ
517 1300 600 1379 αύτῷ
617 1301 633 1360 d
649 1295 728 1373 θεύς·

627 1406 728 1472 ταῦτά
743 1430 789 1470 σοι
804 1409 854 1471 καὶ
869 1406 968 1479 Δήλια
982 1409 1033 1471 καὶ
1048 1404 1155 1471 Πύθια

339 1518 481 1606 ἐσήμαινε
504 1507 537 1581 δὲ
559 1521 642 1600 αύτῷ
665 1518 712 1581 ὅτι
734 1515 819 1592 εὐθὺς
841 1515 1046 1581 ἀποθανεῖται.
1087 1516 1226 1606 Ὀροίτης
1248 1519 1305 1610 γὰρ
1329 1522 1421 1585 αύτθν
1443 1524 1459 1586 ὁ

339 1626 458 1715 Πέρσης
472 1626 665 1716 ἐσταύρωσεν.
693 1633 852 1692 Zenobium
871 1632 933 1692 fere
949 1633 1088 1693 describit
1103 1632 1185 1694 Suid.
1201 1655 1225 1695 s.
1241 1656 1269 1694 v.
1284 1631 1386 1694 ταῦτά
1400 1656 1459 1696 cot:

338 1744 417 1802 idem
432 1752 530 1801 tamen
546 1751 575 1801 et
589 1745 675 1801 Phot.
693 1763 717 1802 s.
730 1765 757 1803 v.
774 1735 874 1801 Πύθια
885 1751 915 1801 et
925 1742 1058 1820 Apostol.
1075 1744 1232 1803 adiiciunt:
1248 1736 1461 1830 Ἐπίκουρος

341 1854 372 1911 ἐν
386 1871 444 1910 τινι
458 1857 520 1912 τῶν
534 1848 605 1935 πρὸς
620 1837 768 1936 Ἰδομενέα
782 1851 948 1912 ἐπιστολῶν
963 1856 1070 1910 ταῦτα
1099 1854 1202 1929 ltaque
1216 1856 1337 1930 antiqua
1351 1859 1460 1916 oraculi

340 1964 436 2022 forma
446 1964 547 2041 periit;
559 1963 734 2023 sententiam
746 1963 908 2022 Menander
918 1962 1022 2021 iambis
1035 1962 1187 2039 expressit.
1204 1963 1286 2038 Quos
1295 1967 1460 2026 Meinekini

341 2074 371 2132 in
386 2074 467 2132 illius
481 2078 585 2150 podiae
596 2074 631 2132 ir.
643 2074 700 2131 ino.
715 2074 775 2132 296
792 2066 865 2150 (295
874 2072 919 2130 ed.
929 2068 1011 2150 min.)
1027 2073 1144 2131 laudato
1155 2072 1292 2132 Dobraeo
1303 2074 1346 2133 ita
1357 2076 1460 2134 distin-

340 2185 418 2263 guit:
435 2227 464 2244 ..
484 2181 586 2242 ταῦτά
604 2202 651 2242 σοι
671 2180 722 2241 καὶ
736 2175 837 2241 Πύθια
854 2172 859 2260 Ι
875 2178 927 2240 καὶ
940 2175 1025 2248 Δήλι’
1040 2180 1149 2256 [ἔσται]
1165 2225 1190 2240 ..
1211 2183 1352 2244 Fortasse
1372 2185 1460 2245 etiam

337 2287 439 2352 ταύτά
453 2295 638 2377 scribendum
654 2302 712 2364 σοι,
729 2301 806 2352 certe
821 2292 847 2352 si
862 2295 918 2351 hoc
930 2294 1101 2351 vocabulum
1117 2313 1153 2351 ex
1167 2294 1231 2369 ipso
1247 2295 1363 2353 oraculo
1377 2315 1460 2372 repe-

337 2407 423 2461 titum
439 2412 499 2475 est,
522 2405 696 2483 ambiguitas
717 2405 748 2460 iu
769 2424 802 2462 eo
822 2403 920 2480 posita
935 2410 1012 2474 erat,
1034 2412 1066 2460 ut
1086 2411 1115 2461 et
1129 2397 1230 2461 ταῦτά
1246 2420 1291 2461 σοι
1311 2413 1340 2462 ct
1359 2398 1460 2463 ταύτίι

337 2532 384 2572 σοι
405 2513 538 2592 intellegi
559 2522 674 2591 posset,
696 2514 716 2573 i.
736 2532 760 2571 e.
784 2522 814 2571 et
835 2514 941 2571 haecce
963 2532 1048 2572 sacre
1069 2521 1099 2571 et
1117 2533 1180 2571 rem
1199 2515 1236 2574 ad
1256 2513 1334 2572 idem
1354 2515 1458 2574 redire.

336 2625 484 2700 Epicurus
498 2643 518 2682 a
532 2624 692 2682 Menandro
708 2642 808 2682 versus
829 2623 934 2680 ducere
947 2623 1056 2699 potuit3
1077 2622 1239 2680 Menander
1258 2624 1336 2681 euim
1352 2618 1378 2683 a'.
1397 2627 1458 2684 342

337 2744 423 2794 natus
444 2743 502 2806 est;
524 2734 714 2812 philosophus
735 2741 821 2793 natus
841 2753 868 2791 a.
882 2736 941 2793 341
959 2734 996 2791 ad
1010 2734 1198 2792 Idomeneum
1213 2733 1458 2810 Lampsacenum,

337 2866 435 2904 rerum
449 2845 621 2923 scriptorem
636 2866 662 2906 a.
677 2846 738 2905 270
754 2844 870 2904 litteras
883 2843 973 2904 dedit.
991 2838 1122 2923 (Cliuton
1138 2843 1206 2904 fast.
1221 2838 1352 2924 Hellen.)

883 3042 1021 3101 3·‚.

400 3177 485 3236 Haec
498 3176 587 3257 igitur
601 3174 719 3235 oracula
732 3195 820 3253 quum
835 3195 893 3235 uon
909 3174 1017 3235 inerint
1028 3176 1189 3247 trochaica,
1205 3174 1349 3236 Hadriani
1362 3188 1459 3237 aetate

337 3295 525 3346 tetrametros
537 3289 628 3346 troch.
639 3286 720 3345 Clari
731 3294 887 3364 usurpatos
899 3306 965 3346 esse
977 3308 1012 3345 ex
1020 3285 1170 3362 Qenomao
1181 3305 1229 3362 ap.
1238 3288 1348 3346 Euseb.
1356 3308 1457 3363 praep.

336 3400 381 3455 ei.
395 3400 424 3456 5.
439 3399 478 3456 22
489 3418 519 3475 p.
533 3399 593 3456 214
605 3396 670 3474 ing.
684 3405 808 3455 constat.
831 3396 935 3472 Neque
950 3398 1027 3454 enim
1043 3397 1079 3454 de
1091 3394 1193 3471 Cynici
1208 3394 1288 3453 illius
1303 3397 1361 3453 fide
1376 3396 1459 3454 dubi·

337 3508 459 3565 tandum
479 3526 544 3566 esse
562 3507 738 3584 supradixi,
761 3506 878 3564 laudata
893 3506 1034 3565 Lobcckii
1051 3503 1314 3584 argumentatione3
1336 3506 1457 3576 accedit,

336 3627 369 3676 ut
384 3619 420 3675 de
435 3618 582 3694 plerisque
598 3617 659 3675 cius
680 3616 805 3675 oraculis
820 3617 909 3674 etiam
928 3616 1046 3675 aliunde
1066 3622 1194 3684 constet,
1215 3615 1294 3673 velut
1315 3635 1350 3673 ex
1364 3615 1458 3674 Hero-

336 3732 415 3786 doto.
439 3726 607 3786 Oenomaus
621 3725 710 3803 igitur
724 3712 763 3811 (ev
778 3720 896 3810 γοήτων
910 3714 1004 3813 φωρᾷ)
1020 3721 1106 3808 φησὶν
1117 3719 1224 3782 ἑαυτὸν
1236 3719 1293 3781 ὑπὸ
1304 3726 1360 3782 τοῦ
1372 3717 1458 3782 Κλα-

338 3835 400 3922 ρίου
415 3829 604 3905 Ἀπόλλωνος
617 3829 806 3909 ήπατῆσθαι,
826 3820 1034 3921 γράφωνῶδε·
1056 3827 1151 3892 ‘Atti
1173 3818 1209 3900 dit
1229 3817 1290 3892 ἔθει
1310 3830 1361 3891 καὶ
1380 3833 1458 3919 ἡμᾶς

336 3951 393 4017 τῆς
407 3931 567 4031 κωμῳδίας
582 3940 722 4025 (adeundi
737 3939 862 4025 oraculi)
879 3952 1056 4029 peremptio,
1072 3940 1123 4004 καὶ
1137 3939 1178 4028 μή
1194 3936 1401 4028 σεμνύνεσθαι,
1419 3944 1458 4015 ὡς

338 4056 394 4114 οὐκ
414 4051 599 4139 ἐμπεσόντας
619 4057 658 4126 εἰς
677 4051 733 4121 τήν
754 4050 853 4121 κοινήν
867 4042 1078 4138 παραπληξίαν
1095 4050 1202 4133 lneque
1220 4056 1340 4132 gloriari
1359 4074 1458 4132 posse,

337 4168 416 4243 quod
430 4186 483 4225 nos
498 4168 528 4224 iu
545 4186 723 4225 communem
739 4165 893 4225 stultitiam
907 4186 965 4224 non
985 4158 1199 4244 inciderimus),
1219 4161 1271 4221 καὶ
1288 4160 1344 4229 τήν
1365 4162 1458 4246 ἐμπο-

339 4274 402 4360 ρίαν
417 4276 518 4350 εἰπεῒν,
541 4275 576 4342 ἢν
591 4272 642 4333 καὶ
656 4272 743 4335 αὐτοὶ
756 4272 822 4359 περὶ
837 4270 940 4358 σοφίας
955 4266 1218 4359 ἀνεπορευσάμεθα
1233 4272 1267 4331 ἐκ
1281 4277 1336 4341 τῆς
1350 4263 1457 4344 Ἀσίας,

338 4377 363 4445 ὦ
379 4380 510 4470 Κλάριε,
524 4381 606 4470 παρὰ
621 4390 682 4444 σοῦ.

1239 4493 1254 4545 θ
