3592 5400
350 523 353 531 ,
418 483 480 548 ‘204
813 506 1057 551 snnrrsnnuruu
1077 510 1109 552 11.

417 660 523 718 fectum
539 659 616 718 virus
632 656 818 745 exstinguit.“
850 659 901 720 Sic
916 657 1026 718 καυλία
1041 645 1153 744 δάφνης
1167 663 1307 722 adversus
1320 663 1436 722 cicutae
1451 684 1534 723 vene·

418 790 486 828 num
505 769 630 830 Nicand.
646 771 720 828 alex.
740 773 800 830 168
820 772 951 829 adhiberi
967 772 1055 831 iubet.
1085 774 1162 833 Plin.
1180 775 1237 844 23,
1260 776 1293 844 8,
1317 776 1372 833 80:
1399 776 1533 848 „Laurus

417 881 578 958 Delphicae
592 881 663 939 folia
677 882 747 940 trita
761 882 925 956 olfactaque
940 883 1063 941 subinde
1077 884 1264 960 pestilentiae
1285 886 1421 962 contagia
1435 887 1533 963 prohi-

417 988 515 1051 bent.“
541 991 673 1069 Geopon.
693 995 745 1064 11,
768 994 796 1052 2.
812 984 947 1076 Λέγουσι
963 976 997 1050 δὲ
1011 989 1061 1050 καὶ
1075 998 1167 1051 τοῦτο
1182 989 1248 1075 περὶ
1267 998 1322 1063 τῆς
1337 979 1469 1076 δάφνης,
1490 991 1534 1052 ότι

417 1097 527 1185 ὑγιείας
542 1096 717 1186 ἑργαστικόν
732 1100 811 1161 ἐστιν
823 1144 831 1160 .
844 1144 871 1160 ..
893 1086 980 1160 Οὐδὲ
994 1097 1051 1186 γάρ
1066 1102 1085 1169 ἠ
1101 1097 1164 1186 ἱερά
1179 1097 1263 1177 νόσος
1276 1095 1296 1168 ἢ
1313 1090 1431 1186 δαίμων
1445 1123 1534 1188 παρε-

417 1210 575 1294 νοχλεῒτῷ
590 1206 690 1290 τόπῳ,
710 1211 745 1271 ἐκ
760 1201 784 1289 ᾧ
801 1196 898 1296 δάφνη
913 1209 999 1271 ἐστίν.
1017 1214 1052 1284 5,
1071 1215 1126 1284 35,
1143 1216 1176 1272 4ι
1200 1206 1282 1278 Φησὶ
1302 1198 1335 1271 δὲ
1351 1206 1533 1288 Ἀπουλήιος,

417 1317 468 1381 ἐὰν
484 1306 599 1405 δάφνης
612 1318 641 1380 ἐν
653 1329 692 1402 τῇ
708 1317 817 1405 άροόρᾳ
832 1308 962 1391 κλάδους
977 1315 1086 1402 βάλης,
1102 1319 1289 1406 μεταβαίνειν
1302 1324 1342 1393 εἰς
1357 1321 1469 1394 αὐτοὺς
1482 1321 1533 1390 την

417 1426 533 1510 βλάβην
548 1405 748 1516 τηςίέρυσίβης
764 1426 948 1512 (rubiginis).

480 1544 641 1618 Propterea
655 1545 787 1602 homines
799 1544 995 1619 superstitiosi
1009 1564 1044 1602 ea
1054 1547 1217 1604 utebantur.
1240 1546 1390 1623 Theophr.
1407 1547 1530 1606 charact.

421 1655 473 1723 16,
493 1656 506 1711 l
525 1647 598 1731 (cap.
617 1655 665 1712 25.
684 1657 698 1713 1
717 1647 914 1732 Schneider.):
944 1653 961 1712 ό
982 1638 1015 1713 δὲ
1035 1638 1225 1737 δεισιδαίμων
1244 1649 1380 1724 τοιοῦτός
1394 1674 1455 1730 τις,
1477 1647 1532 1725 οἷος

417 1759 465 1822 ἐπὶ
485 1757 592 1845 κρήνην
613 1754 768 1844 νιψάμενος
788 1759 847 1822 ἀπό
868 1763 960 1847 ἱεροῦ,
982 1748 1094 1846 δάφνης
1115 1758 1281 1842 (genetivus
1301 1773 1347 1824 est
1362 1760 1530 1845 partitivus)

329 1861 330 1864 ¹
417 1873 456 1942 εἰς
470 1868 506 1932 τό
523 1868 622 1957 στόμα
636 1870 747 1951 λαβών,
764 1869 844 1933 οότω
856 1870 911 1940 την
926 1868 1037 1957 ἡμέραν
1057 1880 1237 1957 περιπατεῖν.
1267 1876 1355 1954 Diog.
1368 1877 1423 1936 La.
1441 1880 1471 1936 4.
1487 1880 1530 1936 10.

418 1986 456 2043 07
473 1987 508 2043 οο
523 1986 616 2045 Bione
630 1985 852 2063 Borysthenita:
867 1978 977 2069 ρ’άμνον
987 2003 1021 2044 τε
1037 1981 1087 2043 καὶ
1101 1969 1215 2043 κλάδον
1231 1969 1343 2068 δάφνης
1358 1980 1431 2069 ὑπὲρ
1449 1980 1530 2071 θύρην

417 2087 532 2171 έθηκεν,
548 2093 669 2154 ἅπαντα
681 2094 796 2177 μάλλον
808 2087 827 2162 ἢ
840 2088 939 2154 θανεῖν
952 2090 1068 2179 ἕτοιμος
1080 2089 1121 2154 ὢν
1133 2095 1298 2179 ὑπουργεῖν.
1320 2096 1453 2173 Hesyeh.
1465 2091 1530 2157 Kol-

418 2199 507 2290 μυθα,
525 2191 647 2288 δάφνην,
663 2206 699 2271 ἢν
715 2205 811 2264 ἱστᾶσι
825 2202 881 2288 πρό
897 2206 1083 2264 τῶνπυλῶν.
1105 2209 1203 2284 Etym.
1220 2208 1260 2264 M.
1276 2201 1453 2282 ἀντιόννους,
1468 2203 1529 2276 τοὺς

416 2322 470 2386 τῆς
487 2302 599 2398 δάφνης
614 2310 759 2398 ὄρπηκας,
778 2311 847 2385 τοὺς
866 2310 922 2398 πρό
942 2321 1003 2374 τῶν
1020 2308 1113 2400 θυρῶν
1129 2311 1309 2399 ἱσταμένους.
1331 2319 1442 2378 Zenob.
1456 2339 1528 2397 prov.

418 2430 447 2486 3.
466 2429 513 2486 12.
532 2410 672 2509 δαφνίνην
688 2430 768 2510 φορῶ
782 2422 961 2510 βακτηρίανι
977 2430 1068 2485 τοῦτο
1080 2419 1179 2512 λέγειν
1191 2419 1328 2486 εἰώθασιν
1340 2428 1368 2486 οἱ
1379 2425 1438 2488 ὑπό
1450 2447 1529 2487 τινων

417 2532 686 2621 ἐπιβουλευόμενοι,
701 2532 832 2621 παρόσον
847 2523 1089 2620 ἀλεξιφάρμακον
1105 2538 1124 2603 η
1140 2522 1245 2621 δάφνη.
1267 2538 1446 2616 Diogenian.
1457 2559 1527 2616 prov.

418 2652 447 2709 4.
465 2651 519 2709 78:
540 2640 663 2732 Ἐφέσια
683 2640 850 2734 γράμματα
870 2632 985 2727 ἐπῳδαί
1003 2665 1080 2718 τινες
1097 2636 1188 2724 ἦσαν,
1210 2645 1306 2732 άοπερΙ
1323 2647 1351 2707 οἱ
1372 2654 1529 2734 φωνοῦντες

418 2756 520 2821 ἐνίκων
536 2756 566 2819 ἐν
580 2756 677 2820 παντί
698 2755 793 2819 ταύτό
808 2765 848 2840 τῇ
861 2744 1000 2843 δαφνίνην
1015 2777 1044 2842 φ.
1056 2755 1082 2838 β.
1104 2760 1264 2820 Herodian.
1276 2761 1346 2821 hist.
1364 2765 1391 2821 1.
1407 2765 1445 2821 12
1458 2763 1528 2821 init:

418 2864 497 2929 Τότε
511 2856 707 2954 όΚόμμοδος,
720 2864 1006 2954 συμβουλευσάντων
1014 2868 1098 2947 αὐτῷ
1109 2875 1197 2929 τινῶν
1209 2870 1326 2954 ἰατρῶν,
1338 2872 1378 2941 εἰς
1389 2863 1528 2939 τήνΛαό

419 2998 518 3064 ρεντον
531 2975 726 3063 ἀνεχώρησεν,
741 2982 817 3056 quod
832 2978 936 3065 χωρίον
948 2973 981 3039 όν
993 2977 1143 3065 μεγίστοις
1159 2974 1324 3039 κατάσκιον
1337 2967 1529 3067 δαφνηφόροις

418 3090 539 3150 άλσεσιν
551 3133 576 3147 ..
593 3084 736 3174 σωτήριον
753 3082 826 3149 εἶναι
840 3075 955 3167 ἐδόκει,
971 3088 1107 3175 καὶπρὸς
1122 3088 1176 3157 τάν
1191 3096 1246 3151 τοῦ
1261 3085 1346 3175 ἀέρος
1362 3086 1476 3177 φθοράν
1486 3091 1529 3151 άν-

418 3196 515 3285 τέχειν
531 3195 653 3286 ἐλέγετο
670 3187 782 3281 εὐωδίᾳ
802 3219 838 3260 τε
859 3207 915 3273 τῆς
929 3208 990 3261 τῶν
1006 3187 1126 3285 δαφνῶν
1142 3201 1295 3285 ἀποφοράς
1307 3248 1314 3263 .
1327 3245 1353 3260 ..
1374 3208 1411 3264 Α.
1423 3203 1529 3265 -Boetti-

374 3326 380 3336 ¹
417 3336 469 3393 ger
486 3315 586 3373 kleine
606 3312 753 3373 Schriften
774 3314 818 3372 ed.
841 3311 937 3391 Siflig.
953 3315 977 3372 Ι.
998 3334 1027 3389 p.
1044 3316 1101 3373 107
1118 3322 1195 3372 not:
1220 3312 1380 3373 Sihnende
1399 3316 1529 3393 Besprin·

417 3447 530 3506 zungcn
545 3426 603 3485 und
618 3425 822 3503 Reinigungcn
842 3444 940 3483 waren
960 3425 1013 3483 das
1028 3424 1228 3502 Hauptrecept
1248 3425 1300 3482 der
1318 3426 1399 3483 alten
1414 3425 1530 3486 Orakel·

417 3538 553 3596 medicin.
586 3537 689 3595 Daher
702 3537 769 3596 kam
785 3538 837 3594 der
850 3534 982 3595 Lorbeer
995 3537 1070 3594 auch
1084 3536 1115 3592 in
1129 3537 1177 3593 die
1192 3536 1353 3596 besondere
1369 3534 1473 3596 Obhnt
1485 3537 1530 3595 des

417 3650 583 3725 Aesculap‚
600 3666 632 3706 so
649 3648 717 3707 dass
733 3667 765 3706 er
779 3648 872 3706 selbst
887 3646 1040 3722 Asclepios
1055 3646 1144 3705 hiess.
1169 3645 1200 3706 S.
1215 3646 1405 3706 Dioscorides
1423 3650 1456 3721 3,
1479 3646 1530 3707 106

418 3761 479 3818 und
491 3760 620 3835 Hesych.
637 3749 828 3831 Ἀσκληπιός,
843 3756 863 3823 η
876 3742 982 3839 δάφνη.
1011 3757 1093 3816 Adde
1105 3758 1189 3817 Paul.
1202 3756 1287 3815 Diae.
1301 3775 1325 3816 s.
1337 3777 1365 3817 v.
1377 3757 1409 3816 in
1426 3759 1529 3818 insula:

421 3868 632 3945 „Aesculapius
644 3868 675 3925 in
689 3868 788 3927 insula
798 3868 941 3927 Tiberina
951 3869 1051 3927 laurea
1063 3875 1224 3937 coronatur,
1241 3869 1317 3943 quod
1329 3887 1366 3925 ea
1375 3870 1465 3927 arbor
1475 3869 1531 3945 pln-

419 3981 557 4039 rimorum
571 3974 791 4037 remediorum.“
826 3979 965 4038 Videmus
986 3978 1088 4055 igitur,
1109 3978 1222 4036 laurum
1242 3978 1400 4037 victoribus
1421 3978 1532 4055 proprie

419 4109 477 4149 non
493 4089 570 4166 quod
584 4089 700 4167 insigne
715 4089 851 4148 victoriae
866 4098 960 4160 esset,
981 4089 1033 4148 sed
1053 4089 1130 4165 quod
1144 4088 1271 4147 hostium
1287 4089 1376 4147 caede
1390 4094 1531 4166 purgaret,

419 4204 517 4263 datam
532 4219 612 4271 esse,
633 4220 697 4259 eam
718 4208 815 4259 autem
836 4200 949 4259 arboris
970 4199 1062 4259 visam
1081 4218 1147 4258 esse
1167 4181 1316 4269 naturaei,
1337 4206 1371 4257 ut
1386 4197 1532 4277 sanguinis

420 4314 571 4375 alacritate
586 4312 711 4371 excitata
727 4329 828 4371 succos
839 4310 971 4368 funestos
983 4311 1159 4386 expelleret3
1175 4309 1239 4368 ideo
1251 4309 1383 4384 venenis,
1396 4310 1531 4385 pestilen-

420 4426 488 4495 tiae,
503 4424 692 4482 daemonibus
707 4422 823 4480 officere
837 4439 904 4480 esse
915 4420 1063 4478 creditam.
1086 4408 1183 4478 Ἔνθα
1195 4405 1262 4501 ἂνῇ
1276 4404 1384 4502 δάφνη,
1401 4414 1477 4476 ὲκπο
1504 4411 1533 4473 χν

423 4519 560 4618 δαίμονες
583 4535 714 4612 Geopon.
742 4535 794 4603 11,
817 4532 846 4592 2.
882 4528 960 4593 Sane
980 4530 1097 4608 quidem
1115 4530 1251 4590 nonnulli
1268 4537 1399 4589 *veterum
1421 4546 1533 4590 eausam
