3592 5400
445 465 541 509 caruu
555 466 599 509 111.
622 465 664 507 or.
679 465 776 507 uronis
791 467 821 507 π.
835 467 862 507 τ.
878 447 914 507 ἐκ
928 444 1038 533 λογίων
1053 447 1112 532 φιλ.
1127 467 1268 510 arnone.
1380 446 1420 511 39

297 620 482 697 Philopouus
496 621 535 678 ad
548 620 708 678 Mosaicam
728 619 828 678 mundi
844 619 1020 678 creationem
1036 639 1065 695 p.
1081 623 1137 680 181
1157 619 1276 680 Cordor.
1291 617 1358 704 περὶ
1373 621 1422 680 ἐκ·

299 728 413 815 λογων,
431 739 460 789 et
474 731 529 790 Iul.
541 730 686 789 Firmicus
701 731 737 788 dc
753 749 851 788 errore
865 730 980 807 profan.
993 730 1075 808 relig.
1088 749 1151 808 cap.
1169 734 1206 790 14
1221 750 1251 789 π.
1266 737 1321 822 τῆς
1336 729 1422 790 εὐλο-

298 837 379 925 γίων.
401 834 560 925 Εὐλογίων
575 840 719 900 Stcuchus
735 860 850 917 quoque
864 842 1038 919 Eugubiuus
1054 843 1089 899 dc
1101 843 1223 919 perenni
1235 843 1422 920 philosophia

298 952 365 1011 libr.
379 954 396 1010 3
410 970 474 1028 cap.
489 954 528 1011 14
542 951 574 1009 iu
587 953 685 1010 codice
695 953 781 1030 legit,
798 954 876 1010 uude
887 971 989 1011 versus
1001 954 1092 1011 XXII
1107 953 1223 1010 eosdem
1235 953 1331 1024 duxit,
1348 973 1421 1029 quos

298 1066 375 1142 Aug.
387 1063 484 1128 Maius
499 1081 564 1120 cum
575 1063 734 1139 Porphyrii
743 1063 878 1139 epistula
892 1064 930 1120 ad
941 1064 1112 1121 Marcellam
1126 1064 1294 1122 coniunctos
1307 1083 1342 1122 ex
1356 1067 1420 1124 cod.

297 1174 493 1234 Ambrosiam
513 1173 613 1232 edidit.
649 1174 721 1232 Maii
743 1175 833 1232 codex
856 1169 1014 1258 εὐλογιῶν,
1037 1175 1266 1250 Neapolitanus,
1288 1194 1345 1250 quo
1368 1194 1421 1253 ego

298 1304 370 1343 usus
385 1303 464 1355 sum,
485 1283 619 1342 recte-da
634 1279 750 1369 λογίων.
773 1283 901 1344 Omnino
921 1285 959 1342 de
977 1287 1032 1343 hoc
1051 1285 1304 1344 commentationis
1324 1285 1420 1343 iudice

298 1415 335 1452 ex
349 1395 478 1454 Eusebio
493 1395 667 1473 praesertim
682 1402 812 1468 constat3
832 1395 930 1454 minus
946 1402 1061 1454 constat
1075 1396 1111 1452 de
1130 1395 1270 1453 librorum
1290 1414 1420 1454 numero.
1485 1455 1488 1459 ,

298 1505 377 1563 Nam
392 1524 480 1580 quum
494 1505 621 1582 primus,
642 1507 731 1575 alter,
753 1506 857 1564 tertius
872 1505 1029 1581 aliquoties
1044 1507 1246 1576 nominentur,
1265 1507 1342 1564 alius
1357 1506 1421 1563 nul·

298 1616 361 1686 lus,
376 1617 586 1675 versutarum
601 1617 692 1674 xxu
707 1616 797 1674 codex
811 1617 1023 1675 Ambrosianus
1038 1600 1186 1675 insertur:
1209 1615 1245 1675 εκ
1258 1619 1314 1673 τοι
1330 1600 1421 1673 λεκι-

297 1744 353 1784 του
364 1731 426 1784 τῶν
436 1720 605 1810 Πορφυρίων
618 1724 762 1810 εὐλογιων
774 1722 961 1809 φιλοσοφίας,
974 1728 1150 1802 eosdemque
1162 1747 1263 1785 versus
1276 1726 1421 1786 Stouchus

300 1857 356 1911 „ex
375 1838 486 1896 decimo
505 1838 581 1896 libro
603 1833 746 1921 ειλλογίων
767 1833 960 1920 φιλοσοφίας“
982 1837 1078 1894 affert.
1109 1841 1149 1895 At
1170 1838 1352 1896 emendatius
1373 1838 1422 1896 hic

298 1967 414 2024 quoque
433 1948 661 2025 Neapolitanus:
685 1939 724 2004 Ὀ
746 1941 904 2030 πορφύριος
924 1945 955 2004 ἐν
975 1951 1020 2004 τῶ
1042 1931 1173 2030 θευτέρω
1194 1943 1298 2025 βιβλίω
1316 1952 1372 2016 τῆς
1386 1946 1421 2006 ἐκ

298 2054 410 2143 λογίων
425 2054 606 2141 φιλοσοφίας
633 2061 736 2134 Itaque
751 2077 839 2134 quum
855 2058 937 2114 nulla
950 2058 1078 2135 amplius
1094 2077 1182 2116 causa
1196 2059 1250 2128 sit,
1272 2076 1346 2133 quae
1360 2079 1421 2116 mo·

298 2177 380 2241 veat,
401 2178 434 2228 ut
451 2171 518 2247 plus
539 2178 599 2228 tres
619 2170 710 2228 libros
730 2168 822 2228 fuisse
841 2176 994 2245 putemus,
1020 2169 1052 2226 in
1072 2169 1192 2226 totidem
1212 2170 1318 2240 libros,
1346 2187 1421 2244 quae

299 2289 473 2358 supersunt,
489 2281 643 2341 distribuo.

361 2394 397 2450 Iu
416 2411 475 2468 qua
493 2391 701 2451 distributione
721 2392 880 2449 cavendum
900 2399 960 2460 est,
989 2412 1026 2449 ne
1047 2392 1229 2450 oraculorum
1249 2401 1421 2470 argumenta

296 2504 392 2581 magis
413 2522 501 2578 quam
520 2502 678 2578 Porphyrii
700 2503 843 2560 rationem
865 2520 1031 2577 sequamur.
1069 2503 1147 2561 Nam
1167 2503 1272 2560 iisdem
1295 2504 1420 2562 oraculis

296 2615 365 2692 plus
387 2613 477 2672 semel
495 2615 551 2672 hac
570 2613 601 2670 in
616 2613 859 2670 commentatione
873 2630 944 2670 usus
960 2620 1019 2684 est;
1042 2613 1121 2671 velut
1135 2633 1183 2689 ep.
1195 2615 1305 2671 Euseb.
1318 2634 1363 2688 pr.
1376 2633 1419 2671 ev.

296 2723 332 2785 V.
347 2728 366 2785 8
381 2725 545 2802 praelatus:
569 2723 684 2807 εἴρηται
700 2708 761 2781 θ’ἑν
776 2728 839 2793 τοῖς
854 2715 1019 2807 ἔμπροσθεν
1039 2722 1140 2782 ἐκεῖνα
1159 2718 1200 2781 τά
1219 2729 1275 2793 τῆς
1290 2716 1421 2795 Ἑκάτης

297 2837 534 2895 vaticinationem
554 2836 674 2913 repetit,
698 2854 785 2911 quam
805 2835 896 2892 alium
918 2835 950 2891 in
969 2836 1058 2893 linem
1080 2843 1167 2893 antea
1190 2836 1344 2906 attulerat,
1366 2836 1421 2897 ibi·

266 2942 269 2946 ’
297 2950 423 3023 demque
436 2948 486 3007 IV.
500 2948 533 3005 9:
557 2944 578 3003 ἀ
596 2941 662 3029 περὶ
681 2951 737 3015 τῆς
758 2938 915 3028 θεραπείας
933 2988 959 3003 ..
976 2946 1110 3028 ἔχρησαν
1133 2939 1356 3031 ἀναγράφοιμεν
1376 2939 1420 3022 ἀν,

298 3047 339 3116 ὧν
352 3056 386 3117 ἐκ
398 3052 504 3141 μέρους
513 3054 569 3114 κάν
579 3060 644 3125 τοῖς
658 3075 688 3114 π.
701 3052 850 3134 εὐσεβείας
862 3048 1031 3138 φθάσαντες
1041 3048 1309 3141 παρατεθείκαμεν.
1331 3061 1421 3118 Prae·

298 3177 380 3228 terea
394 3168 564 3238 videndum,
580 3187 617 3225 ne
632 3167 688 3226 huc
704 3168 822 3225 oracula
834 3170 983 3228 trahamus
996 3169 1109 3239 omnia,
1126 3187 1200 3243 quae
1213 3188 1249 3231 ex
1257 3170 1420 3246 Porphyrio

298 3279 405 3339 alicubi
417 3278 592 3351 afferantur3
605 3298 671 3336 nam
684 3286 714 3335 et
724 3279 799 3337 alies
811 3297 926 3354 quoque
934 3279 1116 3355 Porphyrius
1127 3251 1245 3336 oracula
1255 3280 1419 3362 descripsit,

298 3390 379 3449 velut
390 3391 427 3448 de
437 3390 513 3448 abst.
524 3390 563 3448 II.
578 3388 628 3449 b*
646 3390 694 3447 15.
711 3389 758 3448 16.
774 3390 822 3447 17.
840 3390 889 3447 29.
908 3390 958 3447 59.
974 3389 1005 3444 in
1018 3387 1123 3445 scholl.
1140 3387 1227 3446 Hom.
1242 3388 1278 3445 Il.
1294 3388 1378 3446 XIII.
1395 3392 1420 3459 l,

299 3511 328 3559 et
342 3518 437 3578 pauca
451 3507 564 3558 tautum
579 3520 616 3558 cx
630 3499 731 3557 multis
747 3498 866 3576 selegit,
886 3516 961 3573 quae
976 3498 1008 3554 in
1023 3498 1132 3555 hancce
1147 3498 1420 3556 commentationem

299 3613 450 3689 reciperet.
474 3604 595 3689 (Euseb.
607 3631 651 3686 pr.
665 3630 709 3667 cv.
721 3610 771 3669 IV.
786 3610 814 3668 6.
828 3610 856 3668 2.
868 3608 904 3667 V.
921 3601 981 3686 11.)
1004 3607 1114 3681 Quam,
1137 3616 1168 3664 ut
1186 3607 1282 3665 facere
1298 3609 1420 3679 solebat,

299 3723 387 3781 alicui
400 3722 566 3796 inscripsit;
583 3720 743 3796 alloquitur
759 3720 836 3778 euim
853 3718 951 3777 nescio
968 3737 1052 3794 quem
1068 3718 1099 3775 in
1114 3718 1261 3795 prooemio
1277 3712 1357 3796 (ibid.
1369 3719 1419 3777 IV.

302 3835 330 3892 8.
346 3825 385 3910 1).
409 3825 472 3901 Τῆς
486 3836 604 3915 γραφῆς
619 3825 782 3914 ἀρχόμενος
801 3828 872 3912 ἡμῖν
892 3820 1050 3893 ἀληθεύειν
1071 3822 1250 3913 ἐπόμνυται,
1269 3829 1315 3887 'ait
1329 3831 1421 3889 Euse-

302 3943 365 4001 bius
380 3944 431 4002 IV.
449 3944 477 4002 6.
494 3946 529 4013 4,
551 3935 649 4025 λέγων
671 3935 778 4010 οθτως·
806 3933 943 4017 »βέβαιος
970 3923 1004 3997 θὲ
1030 3935 1082 3997 καὶ
1102 3932 1262 4023 μόνιμοςὸ
1285 3931 1422 3998 ἐντεῦθεν

369 4174 382 4201 *
455 4171 484 4223 οὔ
502 4189 529 4223 σε
547 4172 612 4241 θέμις
630 4170 726 4222 κτείνειν
745 4166 803 4221 ἀίων
821 4170 890 4241 γένος
909 4168 959 4223 ἐστὶ
978 4171 1075 4239 βέβαιον
1093 4172 1135 4241 tl.
1148 4170 1239 4223 Nauck
1257 4170 1360 4238 βιαίως),

455 4253 542 4326 ἔγγονε
560 4257 726 4325 θειοπρόπων·
744 4254 758 4307 θ
778 4256 799 4307 δ’
807 4254 917 4308 ἑκούσιον
936 4256 964 4307 ἀν
983 4256 1117 4326 κατανεάοῃ

455 4341 582 4411 χέρνιβ’
601 4339 719 4391 ἐπιθύειν
738 4340 771 4391 rb
791 4341 826 4405 δ’,
844 4338 975 4408 ἐπίσκοπε,
994 4340 1056 4410 φημὶ
1074 4339 1180 4399 δικαίως.

302 4427 358 4480 Scr.
376 4424 467 4497 χέρνιβ’
486 4422 537 4494 ἔπι1
557 4426 619 4477 utcu
637 4425 699 4493 τόδ’,
719 4422 770 4494 ἐκ,
796 4444 820 4495 φ.
840 4426 947 4493 δίκαιον,
972 4442 1039 4494 quae
1057 4426 1145 4478 orium
1161 4423 1246 4493 proles
1264 4424 1422 4476 lavationem

303 4518 363 4565 aute
381 4510 535 4565 sacrificium
553 4503 698 4575 admiserit,
716 4510 796 4577 hauc,
814 4512 937 4581 inquam,
956 4509 1096 4563 sacrificari
1113 4508 1153 4560 fas
1172 4512 1219 4561 est.
