3592 5400
633 534 676 578 nr
698 535 945 579 consucnrrrouu
968 537 1157 581 suaruaauu.
1399 521 1461 588 213

338 682 448 770 ρήσειν.
472 687 551 764 Quin
566 688 655 747 etiam
670 707 763 765 usque
777 690 813 747 ad
829 709 936 747 anunm
956 692 1035 750 1204
1050 711 1080 769 p.
1094 691 1163 750 chr.
1176 713 1204 752 n.
1218 695 1306 752 istam
1320 699 1460 774 supersti-

338 800 448 858 tionem
461 801 626 860 mauavisse
637 802 714 859 idem
728 801 764 858 de
774 801 876 860 Isaace
886 802 1000 880 Angelo
1012 820 1076 879 cap.
1090 804 1107 862 3
1119 823 1150 880 p.
1164 804 1223 863 738
1236 806 1329 864 Bekk.
1341 810 1460 882 probat:

338 904 421 969 ἀλλοὶ
440 904 572 968 καὶτῶν
591 906 739 995 ἀγοραίων
760 909 787 968 οί
807 904 1002 995 ριλοινίτεροι
1021 905 1057 969 τὸ
1078 907 1163 982 ἑστὸς
1181 910 1229 971 ίπὶ
1243 910 1356 985 στείλας
1370 912 1460 994 ἐντῷ

337 1015 588 1097 Κωνσταντινείῳ
604 1015 685 1104 ρίρῳ
700 1025 755 1090 τῆς
768 1013 892 1090 Ἀθηνᾶς
913 1014 1039 1105 ἄγαλμα
1062 1021 1102 1093 εἰς
1116 1021 1244 1082 πλεῖστα
1257 1009 1368 1083 διεῖλον
1381 1021 1460 1109 τροί-

337 1150 437 1217 ματα·
451 1117 551 1190 ίδίνιει
565 1125 623 1215 γὰρ
635 1174 660 1188 ..
677 1123 749 1213 ὑπὲρ
764 1134 827 1188 τῶν
840 1117 873 1200 ἐξ
887 1126 1011 1214 ἑσπέρας
1026 1126 1249 1216 ίστοιχειῶσθαι
1263 1138 1355 1194 τοῦτο
1371 1155 1460 1220 στρα-

336 1247 407 1301 τῶν.
445 1240 638 1302 Simulacrum
653 1261 775 1299 aeneum
793 1241 886 1301 fuisse
906 1243 1026 1319 triginta
1040 1245 1161 1320 pedum,
1182 1254 1315 1306 ornatum
1331 1249 1416 1325 galea
1431 1256 1460 1306 et

337 1361 419 1412 veste
434 1353 535 1430 longa,
555 1372 673 1411 manum
689 1352 838 1411 sinistram
853 1360 883 1410 et
897 1355 996 1412 oculos
1012 1355 1048 1413 ad
1064 1355 1215 1414 meridiem
1230 1375 1328 1415 versa:
1350 1350 1417 1415 ὅθεν
1432 1357 1460 1415 οί

338 1447 417 1546 μηδὲ
431 1455 486 1532 τοὶς
498 1453 590 1531 θέσεις
600 1466 663 1520 τῶν
673 1454 810 1545 περάτων
822 1459 958 1521 ὁπωσοῦν
969 1457 1161 1548 ἐπιστάμενοι
1172 1463 1201 1534 ἐς
1211 1459 1337 1549 ἑσπέραν
1352 1465 1459 1550 ἑροροῖν

337 1568 373 1632 τὸ
400 1565 529 1656 ἄγαλμα
551 1556 727 1631 διετείνοντο
750 1567 801 1630 καί
826 1562 888 1631 οἷον
911 1567 1092 1633 ἐπισπᾶσθαι
1113 1573 1186 1659 χειρί
1206 1571 1248 1635 τοὶ
1261 1575 1296 1636 ἐκ
1312 1561 1460 1662 δυσρὸθεν

338 1676 560 1768 στρατεύματα

400 1795 540 1854 Videmus
555 1796 712 1873 plerasque
734 1797 968 1856 consecrationes
986 1796 1183 1882 ‘Constantino
1199 1798 1306 1876 Magno
1328 1819 1393 1858 esse
1410 1800 1459 1858 tri-

339 1911 440 1967 butas:
455 1907 639 1984 nequeenim
653 1907 713 1965 fere
728 1909 805 1965 ultra
821 1908 942 1966 recessit
952 1908 1180 1984 Byzantinorum
1193 1909 1367 1986 ignorantia.
1389 1911 1459 1968 Vul-

336 2041 405 2101 gus,
429 2040 505 2098 quae
518 2019 597 2077 lama
611 2020 734 2078 obscura
747 2026 915 2096 acceperat,
939 2018 1101 2077 fabularum
1116 2020 1296 2078 Milesiarum
1312 2022 1396 2079 modo
1411 2042 1459 2079 ex-

337 2133 461 2193 ornavit.
497 2130 640 2210 Magicam
656 2138 747 2188 artem
761 2130 869 2206 ubique
884 2129 1089 2188 odorabantur.
1110 2132 1156 2188 Ita
1170 2131 1261 2189 schol.
1277 2131 1302 2189 B
1318 2132 1355 2189 ad
1370 2133 1457 2189 Hom.

335 2245 371 2302 ΙΙ.
386 2245 414 2315 6,
429 2245 488 2302 311
505 2243 601 2320 lepide
613 2242 765 2300 Palladem
777 2250 876 2300 censet
890 2262 908 2299 a
918 2240 1052 2300 Palladio
1064 2261 1170 2300 nomen
1182 2241 1296 2312 tulisse,
1312 2235 1359 2299 ὅτι
1371 2235 1458 2301 Παλ-

336 2339 443 2412 λάδιον
456 2339 493 2419 ἦν
505 2337 614 2430 ζῴδιον
626 2346 729 2436 ριοιρόν
740 2337 871 2427 ξύλινον,
888 2344 904 2409 θ
916 2350 1022 2436 ἔλεγον
1034 2344 1109 2411 εἶναι
1120 2345 1333 2434 τετελεσμένον
1345 2360 1374 2411 et
1385 2371 1459 2428 quac

337 2467 412 2524 mira
426 2472 596 2541 sequnntur.
631 2462 737 2523 Saldae
753 2482 777 2521 ε.
793 2484 819 2523 v.
836 2455 961 2530 Μάλεος
974 2465 1013 2521 ad
1026 2462 1114 2522 Hom.
1127 2462 1184 2521 Od.
1199 2466 1227 2533 3,
1242 2464 1318 2521 290:
1333 2455 1459 2533 Μοίλεος

336 2568 394 2660 γάρ
414 2593 460 2643 τις
478 2567 605 2644 τελέσας
623 2567 677 2631 τὸν
697 2566 778 2632 λίθον
798 2578 907 2631 τοῦτον
927 2566 1066 2656 ἀνιέρωσε
1085 2577 1130 2650 τῷ
1150 2557 1317 2630 Ποσειδῶνι
1336 2567 1408 2655 πρὸς
1422 2568 1457 2631 τό

338 2681 379 2772 μὴ
393 2679 436 2745 τοὶ
450 2678 573 2769 κὺριατα
587 2671 804 2770 προσπελάζειν
818 2689 859 2765 τῇ
874 2676 1012 2763 Φαιστῷ.
1046 2680 1189 2763 Lepidius
1210 2683 1296 2743 etiam
1313 2685 1404 2743 schol.
1420 2685 1458 2743 ad

336 2799 466 2858 Iuvenal.
486 2798 538 2869 15,
556 2798 589 2857 5:
615 2798 803 2873 „Memnonis
824 2818 859 2855 ex
878 2817 945 2855 aere
961 2789 1002 2877 (l)
1025 2805 1123 2856 statua
1143 2842 1171 2856 ..
1201 2798 1277 2855 hanc
1297 2794 1458 2872 Cambyses

337 2930 388 2969 rex
408 2902 452 2989 (l)
474 2908 561 2967 iussit
579 2910 700 2986 aperiri,
728 2910 898 2968 existimans
919 2908 1117 2967 mechanicum
1137 2906 1255 2984 aliquod
1275 2925 1357 2979 esse,
1381 2907 1459 2983 quod

337 3022 415 3079 intra
435 3027 562 3094 statuam
583 3020 701 3094 lateret3
721 3021 910 3079 nihilominus
930 3022 1032 3078 tamen'
1047 3027 1150 3099 aperta
1169 3026 1279 3090 statua,
1301 3036 1375 3095 quae
1395 3024 1459 3077 erat

338 3133 448 3211 magice
463 3138 648 3201 consecrata,
664 3131 744 3189 horis
760 3132 878 3191 statutis
894 3151 997 3190 sonum
1012 3131 1172 3190 reddidit.’'

399 3243 534 3303 Effectus
549 3242 678 3320 magicus
693 3261 751 3300 non
767 3242 859 3301 solum
876 3250 938 3299 tum
949 3243 1045 3318 perire
1059 3241 1225 3310 ridebatur,
1242 3258 1328 3315 quum
1345 3246 1458 3296 statuae

339 3354 546 3423 effoderentur,
563 3354 616 3412 scd
628 3353 715 3410 etiam
727 3373 814 3430 quum
827 3353 1005 3410 ornamentis
1016 3352 1214 3428 privarentur,
1230 3350 1309 3407 velut
1323 3348 1457 3407 Zosimus

338 3485 405 3524 ann.
423 3466 457 3536 5,
474 3465 512 3522 41
530 3465 674 3540 queritur,
696 3465 765 3541 quia
779 3462 905 3522 Romani
921 3463 958 3520 ab
973 3461 1090 3520 Alarico
1105 3460 1218 3518 obsessi
1238 3478 1340 3515 aurum
1354 3477 1457 3536 argen-

339 3583 456 3651 tumque
471 3576 576 3634 statuis
593 3575 785 3645 detraxerint,
800 3568 841 3631 τοὶ
857 3571 996 3642 τελεταῖς
1013 3568 1110 3656 ἁγίαις
1124 3555 1351 3650 καθιδρυθέντα,
1368 3565 1457 3625 ἐλατ-

338 3679 482 3755 τωθείσος
503 3689 558 3756 τῆς
576 3683 715 3757 τελετῆς,
739 3674 841 3767 οίθοχα
857 3676 931 3742 εἶναι
951 3679 1003 3740 καὶ
1023 3674 1180 3768 ἀνέργητα.
1209 3679 1355 3739 Videlicet
1375 3679 1458 3757 signa

338 3816 422 3856 sacra
436 3797 467 3853 in
482 3796 612 3856 vestibus
627 3797 721 3854 incisa
735 3795 827 3854 fuisse
843 3795 974 3853 credidit.

401 3906 578 3984 Superstitio
600 3907 730 3965 tenacior
751 3913 797 3964 est
818 3925 903 3983 quam
930 3905 1080 3964 hominum
1100 3903 1170 3961 vita.
1207 3902 1320 3960 Mutato
1341 3901 1457 3958 nomine

337 4020 414 4078 idem
429 4018 649 4077 simulacrorum
664 4018 759 4076 cultus
773 4018 804 4073 in
817 4017 883 4094 ipsa
897 4035 981 4074 sacra
992 4014 1160 4075 Christiana
1170 4013 1297 4083 transiit,
1312 4012 1368 4070 nisi
1381 4012 1457 4088 quod

337 4148 438 4189 rursus
453 4128 621 4188 vetustioris
637 4127 741 4186 aetatis
757 4127 869 4185 ratione
890 4127 1011 4204 spiritus
1032 4125 1147 4183 divinus
1169 4124 1244 4182 ultro
1266 4123 1330 4180 sine
1345 4121 1457 4199 magica

338 4240 556 4302 consecratione
571 4240 601 4296 in
617 4239 775 4298 simulacra
789 4238 885 4297 delabi
901 4237 1080 4296 credebatur.

797 4491 1000 4502 -----——-
