3592 5400
412 511 471 586 '108
754 541 851 585 onrur
865 542 929 585 yur.
952 542 994 584 uu
1009 541 1181 585 conminus.

473 699 507 757 P.
524 698 581 756 198
603 697 725 755 Hesiodi
745 715 811 773 opp.
829 704 857 754 et
879 696 942 755 dies
963 716 1054 773 usqne
1074 698 1110 755 ad
1130 716 1157 756 v.
1174 698 1237 756 750
1253 715 1276 757 c.
1300 699 1339 777 gl.
1356 699 1486 758 interlin.
1501 708 1528 758 et

410 810 511 869 scholi.
527 807 659 879 Proculi,
675 808 873 885 Moschopnli,
889 808 967 867 Max.
985 808 1151 879 Planudae‚
1172 809 1312 880 aliorum,
1335 811 1528 888 praecedente

409 921 469 980 vita
483 919 605 978 Hesiodi
620 927 650 976 et
664 919 844 995 praefatione
859 919 977 977 Proculi
992 919 1028 976 de
1043 919 1166 978 Hesiodi
1181 920 1346 997 theogonia.

408 1064 411 1070 ‚
471 1033 506 1090 P.
520 1032 581 1090 226
598 1028 773 1089 Theocritus
792 1022 945 1108 (Thyrsis,
963 1031 1107 1101 venefica,
1124 1031 1288 1108 caprarius,
1307 1039 1455 1108 pastores,
1472 1035 1530 1092 via-

407 1151 501 1214 tores,
517 1141 640 1200 buoolici
652 1143 680 1211 l,
697 1140 854 1215 Thalysia,
870 1141 993 1198 bucolici
1004 1140 1047 1211 Π,
1064 1141 1196 1212 bubulci,
1212 1137 1382 1221 messores).

472 1255 507 1312 P.
521 1254 580 1312 237
597 1253 728 1311 Thomas
748 1252 880 1329 magistri
901 1251 961 1309 vita
975 1251 1110 1322 Pindari,
1132 1259 1161 1309 et
1176 1252 1319 1311 scholium
1339 1253 1371 1311 in
1387 1252 1438 1314 Ol.
1459 1258 1484 1313 l.
1504 1260 1529 1316 l.

410 1364 493 1440 Quae
512 1385 542 1441 p.
557 1364 574 1422 6
588 1380 652 1438 sqq.
674 1362 871 1433 continentur,
893 1370 1029 1438 excerpta
1048 1368 1115 1420 sunt
1134 1381 1170 1420 ex
1184 1364 1372 1441 Theognide,
1394 1365 1529 1436 Platone,

410 1474 567 1544 Strabone,
583 1474 645 1532 Ioh.
662 1473 755 1549 Lydo,
771 1474 847 1533 aliis.
871 1475 994 1531 Annene
1009 1481 1077 1531 sunt
1091 1473 1202 1548 aliquot
1217 1475 1346 1545 oracula,
1368 1476 1530 1553 praemisso

409 1585 503 1643 indice
515 1582 549 1641 ἐκ
560 1587 614 1652 τῖς
627 1575 794 1666 θεσσοφίας,
811 1603 885 1659 quae
900 1584 1001 1660 paucis
1017 1584 1145 1660 exceptis
1158 1581 1300 1644 Steuchus
1316 1605 1353 1643 ex
1368 1605 1421 1645 suo
1434 1587 1530 1646 codice

410 1695 515 1764 edidit,
536 1701 566 1751 et
584 1695 696 1752 duobus
708 1695 845 1770 exceptis
865 1695 904 1753 N.
925 1695 1058 1753 Piccolos
1081 1686 1281 1771 (supplement
1301 1697 1320 1753 a
1339 1690 1530 1776 l'an'thologie

411 1806 558 1882 Grecque,
580 1804 783 1864 Paestana.
801 1806 818 1864 8
839 1826 867 1882 p.
885 1807 943 1865 173
957 1798 1050 1884 sqq),
1075 1803 1193 1865 Steuchi
1213 1806 1373 1867 immemor.
1395 1809 1528 1866 Piccolos

410 1939 445 1977 ca
459 1924 611 1995 acceperat
625 1937 643 1974 a
657 1917 814 1975 Francisco
829 1918 876 1975 del
891 1915 996 1986 Furia,
1013 1917 1083 1975 bibl.
1100 1917 1186 1975 Laur.
1202 1916 1309 1993 praet,
1331 1918 1483 1996 descripta
1497 1939 1529 1978 ex

410 2031 471 2089 cod.
489 2027 639 2106 Philelphi
657 2028 736 2087 Flor.
758 2027 829 2086 bibl.
850 2027 939 2111 Laur.
956 2028 1048 2105 plutei
1065 2028 1114 2086 32.
1130 2029 1167 2086 16
1183 2046 1260 2088 saec.
1277 2029 1323 2088 13.
1362 2028 1423 2086 Hic
1444 2031 1529 2088 codex

410 2160 497 2217 quum
513 2131 559 2198 me
573 2140 705 2218 fugisset,
722 2157 778 2214 quo
794 2146 924 2215 temporo
939 2138 1106 2197 Florentiae
1121 2140 1268 2211 versabar,
1283 2139 1452 2216 praefectus
1467 2141 1528 2199 doc

410 2253 555 2322 tissimus,
577 2269 635 2327 qua
655 2256 701 2308 est
720 2249 901 2308 humanitate
916 2257 946 2306 et
957 2250 1104 2321 comitate,
1121 2250 1227 2309 litteris
1239 2251 1316 2310 datis
1328 2270 1445 2310 mecum
1457 2269 1528 2311 com·

410 2363 580 2432 munioavit,
601 2381 637 2418 ne
658 2362 714 2419 duo
735 2360 851 2435 quidem
874 2362 991 2419 oracula
1010 2361 1062 2418 illa
1080 2380 1099 2419 a
1118 2362 1235 2421 Piccolo
1256 2361 1367 2421 omissa
1381 2363 1486 2422 deesse
1499 2362 1527 2420 in

410 2476 516 2534 codice.
545 2473 626 2531 Idem
647 2491 725 2531 ame
741 2478 857 2550 rogatus
873 2471 1016 2530 scholium
1031 2473 1201 2550 descripsit,
1226 2482 1283 2549 qua
1297 2493 1329 2532 re
1344 2475 1472 2534 maxime
1485 2493 1527 2532 me

409 2586 467 2646 sibi
486 2585 624 2644 devinxit.
658 2584 726 2642 Duo
746 2584 862 2641 illorum
882 2583 1063 2642 oraculorum
1086 2584 1206 2641 dimidia
1224 2576 1367 2644 Duebner
1388 2585 1477 2645 revue
1495 2587 1527 2643 de

409 2697 566 2777 philologio
581 2718 607 2755 a.
624 2696 703 2755 1847
720 2702 788 2755 tom.
803 2696 820 2755 2
836 2716 865 2773 p.
880 2695 941 2755 240
953 2714 997 2772 sq.
1011 2714 1046 2753 ex
1061 2695 1123 2754 cod.
1136 2695 1231 2755 Paris.
1246 2696 1306 2756 287
1310 2696 1327 2755 5
1344 2699 1478 2774 protulit.
1493 2730 1525 2743 -ν

409 2811 456 2868 Ex
471 2808 578 2867 codicis
593 2807 687 2883 Neap.
704 2807 900 2884 descriptione
915 2814 1053 2882 apparet,
1075 2803 1201 2865 dubitari
1222 2811 1280 2886 noh
1301 2827 1404 2883 posse,
1428 2810 1497 2887 quin
1509 2828 1527 2865 a

410 2919 542 2978 Planude
558 2917 673 2975 oracula
689 2917 748 2976 sint
762 2918 891 2976 collecta.
919 2918 1031 2975 Eodem
1047 2917 1207 2977 studiorum
1222 2933 1328 2995 genere
1343 2919 1396 2977 ille
1411 2920 1457 2978 vir
1471 2939 1528 2979 car·

410 3030 490 3087 mina
504 3028 701 3105 anthologiae‚
717 3029 870 3105 apologos,
885 3028 1022 3105 Dionysii
1037 3029 1325 3101 Halicarnassensis,
1346 3028 1445 3090 Cassii
1460 3032 1527 3092 Dio·

411 3140 473 3211 nis,
489 3141 551 3199 Ioh.
563 3139 640 3216 Lydi
656 3138 753 3214 capita
768 3139 877 3198 selecta
892 3139 1048 3218 congessit.

473 3254 607 3329 Integros
621 3250 778 3327 Porphyrii
792 3250 882 3309 libros
898 3251 935 3308 de
951 3250 1076 3309 oraculis
1091 3257 1255 3327 postremus
1270 3252 1346 3338 uidit
1354 3253 1418 3311 Ioh.
1431 3254 1527 3314 Philo·

410 3383 504 3440 ponus
520 3364 595 3421 circa
611 3381 637 3422 a.
653 3363 723 3421 550.
748 3359 825 3421 Sane
840 3362 957 3438 quidem
973 3362 1133 3419 communis
1145 3362 1259 3420 videtur
1273 3363 1372 3439 opinio
1383 3383 1471 3436 esse,
1486 3365 1529 3424 vel

410 3475 542 3534 Mamilio
557 3473 660 3532 Ficino
680 3480 772 3531 totum
792 3473 898 3531 librum
919 3472 1010 3532 fuisse
1030 3480 1144 3530 notum:
1166 3473 1247 3547 atqui
1267 3471 1341 3531 nihil
1361 3474 1414 3532 ille
1434 3475 1529 3535 attulit

411 3587 468 3644 nisi
483 3584 558 3661 quod
575 3585 721 3644 Eusebius
738 3584 952 3661 suppeditabat.
976 3584 1103 3642 Michael
1117 3584 1235 3643 Psellns
1252 3576 1306 3662 (ed.
1319 3584 1529 3645 Boissonadius

289 3694 296 3742 Γ
403 3697 593 3774 'Norimberg
606 3716 632 3755 a.
651 3697 729 3755 1838
743 3696 786 3754 ch.
802 3687 832 3773 8)
848 3702 1002 3771 postquam
1013 3694 1168 3772 Porphyrii
1183 3695 1219 3751 de
1232 3703 1316 3753 antro
1328 3695 1530 3773 Nympharum

412 3807 685 3865 commentationem
705 3805 874 3882 exscripsit,
894 3826 924 3881 p.
939 3806 978 3864 56
999 3804 1093 3862 addit:
1122 3789 1272 3888 ἐδυνάμην
1292 3803 1365 3875 ἴσως
1386 3802 1461 3890 πρὸς
1479 3801 1530 3876 τὰς

411 3913 556 4001 ἡμετέρας
572 3914 733 3997 εἰλικρινεῖς
749 3908 870 3999 θεωρίας
889 3910 931 3974 τὰ
950 3909 1042 3999 λόγια
1062 3920 1254 3999 μετενεγκεῖν
1273 3922 1445 3999 προσφυῶς·
1467 3910 1529 3976 ἀλλ’

412 4024 466 4084 οὐκ
482 4017 582 4102 ᾠήθην
598 4010 660 4083 δεῖν
674 4020 715 4083 τὰ
729 4010 825 4105 ψευδῆ
837 4023 888 4084 καὶ
898 4020 1114 4108 πεπλανημένα
1125 4018 1267 4095 ἀληθείας
1277 4022 1384 4104 λαβεῖν
1394 4029 1529 4112 ἔμφασιν,

412 4130 492 4195 ἀλλα
506 4140 574 4205 ταῖς
589 4130 707 4205 οἰκείαις
722 4134 895 4221 ἀναγωγαῖς
911 4128 1099 4219 αἰσχύνεσθαι
1114 4132 1165 4193 καὶ
1181 4121 1428 4219 δημοσιεύεσθαι,
1452 4129 1497 4209 αῖς
1514 4137 1529 4194 d

410 4235 559 4333 ἐξηγητὴς
573 4244 673 4304 αὐτῶν
687 4239 854 4330 Πορφύριος
868 4242 919 4304 καὶ
933 4242 999 4304 λίαν
1015 4240 1197 4331 σεμνύνεται.
1223 4250 1264 4306 At
1278 4247 1399 4309 Psellus
1419 4268 1530 4329 quoque

411 4379 446 4418 ex
459 4359 588 4421 Eusebio
604 4358 720 4417 haurire
734 4365 856 4434 poterat.

819 4595 1123 4609 ---·--··-·-·-···
