3592 5400
778 648 889 693 scies.
1283 632 1326 695 53

391 840 464 927 Peg.
490 841 562 905 12⁷.
586 838 636 905 Ad
659 839 726 904 ills:
746 839 967 925 Philosophiae
986 846 1089 905 autem
1110 841 1327 927 addiditquin·

347 987 412 1047 tam
442 981 617 1055 essentiam,
647 978 719 1043 haec
748 983 793 1044 est
815 977 966 1043 Nunnesii
990 982 1075 1043 note:
1100 976 1270 1043 “hocloco
1293 978 1326 1043 in

347 1118 462 1185 Graeca
477 1117 551 1182 Vita
571 1119 683 1199 (Amm.
695 1139 718 1182 s.
731 1115 864 1203 Philop.)
881 1116 995 1204 legitur
1007 1116 1106 1181 verius
1118 1116 1271 1204 Physiece
1283 1154 1326 1166 —

347 1259 473 1323 fortasse
502 1256 655 1344 legebatur
686 1256 856 1344 Hymetto,
886 1260 916 1321 et
939 1279 975 1321 ex
999 1256 1175 1343 compendio
1198 1257 1328 1344 scriptu·

347 1419 396 1463 rae
423 1395 556 1461 manavit
578 1417 673 1471 error,
704 1398 756 1460 cut
779 1394 858 1480 quod
883 1394 990 1460 melius
1013 1395 1245 1483 Physioloqice‚
1269 1419 1328 1482 quo

349 1534 437 1602 verbo
468 1535 566 1600 utitur
595 1534 637 1599 M.
661 1534 817 1612 Tullius„
839 1536 1020 1600 Rectissime
1043 1536 1236 1617 Nunncsius;
1259 1560 1328 1602 nam

347 1678 380 1742 in
403 1676 518 1742 Graeca
540 1680 645 1740 nostra
667 1681 707 1757 τῇ
732 1671 766 1736 δὲ
792 1672 998 1756 φυσιολογίᾳ.

392 1952 466 2041 Peg.
490 1955 563 2019 163.
586 1951 635 2017 Ad
661 1950 727 2016 illa:
750 1972 811 2017 non
830 1952 983 2017 discedere
1003 1954 1039 2017 ab
1059 1953 1219 2019 evidentia.
1241 1954 1328 2019 Com·

346 2094 450 2179 posuit
482 2100 584 2158 autem
616 2096 671 2157 etc.
703 2090 870 2178 “Suspicor
899 2091 1037 2156 lacunam
1060 2089 1111 2156 hie
1134 2114 1210 2157 esse:
1233 2114 1329 2178 neque

349 2232 510 2298 desiderari
540 2235 657 2297 tantum
682 2230 735 2295 illa
757 2229 861 2308 verba,
884 2253 960 2316 quae
982 2253 1039 2318 ego
1062 2230 1178 2296 addidi:
1207 2233 1243 2296 ab
1267 2235 1328 2298 evi·

348 2373 506 2438 dectinet
529 2373 710 2456 composuit,
742 2370 793 2434 sed
817 2369 906 2434 etiam
930 2369 1048 2457 plum„
1071 2370 1252 2436 Rectissime
1274 2371 1326 2437 ed·

352 2510 431 2575 didit
471 2510 665 2575 Nunnesius:
700 2508 762 2575 cfr.
797 2508 861 2573 vite
893 2513 998 2573 nostra
1034 2509 1162 2586 Graeca,
1196 2509 1229 2573 in
1271 2531 1330 2594 qua

347 2649 444 2738 leges:
468 2647 579 2714 ’Ἷόιον
605 2646 639 2712 δὲ
664 2655 721 2730 τῆς
745 2644 991 2733 Αριστοτέλους
1012 2644 1207 2731 φιλοσοφίας
1227 2647 1264 2712 τὸ
1284 2652 1326 2731 μὴ

349 2789 555 2874 ἀφίστασθαι
579 2791 660 2853 τῶν
685 2786 891 2872 ἐναργῶν.
