3592 5400
827 540 920 584 mun
931 538 952 584 1·

462 688 566 753 πάντα
579 689 639 780 γάρ
655 679 826 753 ἐνδέδεταιι
842 689 957 777 φύσεως
971 689 1148 778 ρεστώμασι
1162 681 1268 754 τῶνδε

466 791 536 882 ζῴω
567 790 593 863 δ’
604 805 644 874 ὡς
659 798 741 888 θέμις
755 801 819 863 ἐστὶ
832 803 1017 870 τελευτῆσαι
1031 797 1236 890 καθαγισμοθς

466 908 575 1021 ἀείσωέ
591 950 628 961 -
647 900 763 984 δέλτοις
779 899 812 973 δέ
826 909 1013 998 χαράσσετε3
1027 911 1160 999 χρησμόν
1174 911 1277 1000 ἐμεῖο4
1293 951 1331 964 -

301 1087 305 1095 ’
337 1094 453 1147 nidorus
471 1095 581 1150 onirocr.
595 1095 619 1150 2.
633 1095 678 1148 34:
698 1094 776 1164 φαμὲν
794 1094 820 1146 δέ
833 1097 883 1145 τῶν
896 1095 957 1146 θεῶν
970 1095 1026 1155 τοὺς
1045 1094 1088 1165 μέν
1101 1093 1254 1165 Ὀλυμπίους
1271 1089 1343 1165 εἶναι,
1361 1097 1402 1158 οὓς
1420 1097 1460 1151 καλ

338 1177 457 1250 αἰθερίοος
478 1179 601 1249 καλοῦμεν
623 1181 697 1249 (quia
717 1185 808 1250 postea
828 1180 956 1233 aetherios
968 1181 1083 1250 appellat
1094 1181 1219 1234 caelestes
1237 1188 1263 1234 et
1280 1183 1313 1234 ab
1331 1182 1460 1253 Olympiis

339 1265 488 1334 distinguit,
504 1271 565 1335 post
581 1259 639 1316 εἶναι
654 1265 822 1318 inserendum
840 1270 892 1317 est:
911 1265 968 1324 τοὺς
987 1264 1013 1316 δέ
1031 1264 1169 1335 οὐρανίους)
1186 1266 1243 1325 τοὺς
1261 1265 1287 1318 δέ
1303 1265 1459 1338 θαλασσίους,

338 1349 394 1409 τοὺς
407 1348 435 1401 δέ
447 1349 596 1419 ποταμίους,
613 1350 670 1409 τοὺς
689 1348 715 1400 δέ
731 1349 852 1420 χθονίους.
870 1347 970 1420 αἰθέριοι
987 1347 1030 1418 μέν
1047 1343 1089 1400 οὗν
1106 1349 1219 1419 λέγοιντο
1236 1350 1263 1400 ἂν
1281 1348 1380 1412 εἰκότως
1393 1351 1459 1422 Ζεύς,

338 1431 406 1503 Ἥρα
422 1433 464 1484 καί
476 1432 609 1504 Ἀφροδίτη
627 1434 729 1503 οὺρανία
745 1434 785 1484 καί
797 1431 912 1504 Ἄρτεμις
931 1434 971 1485 καί
983 1432 1116 1485 Ἀπόλλων
1133 1434 1173 1485 καλ
1191 1439 1239 1504 πῦρ
1253 1434 1281 1485 τ“ο
1301 1433 1403 1505 αίθέριον
1420 1437 1461 1488 καὶ

338 1517 437 1583 Ἀθηνᾶ.
458 1515 565 1587 οὐράνιοι
583 1517 609 1570 δὲ
625 1517 694 1583 ἥλιος
717 1518 756 1570 καίΙ
774 1517 863 1584 σελήνη
881 1518 922 1570 καὶ
935 1515 1012 1589 ἄστρα
1030 1519 1070 1568 καί
1082 1515 1166 1587 ἄνεμοι
1183 1518 1223 1570 καί
1240 1519 1299 1588 νέφη
1317 1520 1357 1571 καί
1369 1517 1400 1572 τά
1411 1520 1459 1572 berb

339 1604 433 1654 τούτων
450 1600 610 1671 συνιστάμενα
628 1602 749 1674 παρήλια,
769 1603 809 1654 καὶ
826 1603 919 1663 δοκίδες
938 1603 978 1653 καί
995 1602 1070 1662 σέλας
1089 1603 1129 1653 καί
1143 1599 1189 1673 ἶρις
1203 1606 1286 1654 ..τῶν
1304 1603 1331 1656 δέ
1348 1602 1459 1675 ἐπιγείων

339 1686 449 1753 αἰσθητοὶ
462 1686 505 1757 μὲν
518 1685 609 1753 Ἑκάτη
623 1688 663 1739 καλ
675 1687 727 1738 Πάν
740 1687 780 1739 καί
790 1685 923 1756 Ἐφιάλτης
936 1687 976 1738 καί
988 1684 1135 1750 Ἀσκληπιός
1149 1726 1170 1740 .,
1184 1688 1266 1752 νοητοί
1279 1688 1305 1740 δέ
1315 1690 1461 1760 Διόσκουροι

339 1773 378 1823 καί
395 1771 521 1842 Ἡρακλῆς
538 1771 579 1823 καί
596 1773 712 1832 Διόνυσος
730 1772 770 1823 καί
782 1771 874 1842 Ἑρμῆς
888 1772 933 1822 aad
949 1770 1049 1838 Νέμεσις
1067 1770 1108 1820 καί
1125 1769 1257 1840 Ἀφροδίτη
1276 1772 1402 1844 πάνδημος
1420 1775 1461 1827 καὶ

303 1845 306 1851 ’
340 1857 410 1927 Τύχη
424 1855 465 1907 καί
477 1855 559 1907 Πειθὼ
572 1857 612 1908 καλ
624 1854 724 1926 Χάριτες
736 1857 777 1908 καί
788 1849 865 1927 Ὧραι
877 1855 917 1906 καὶ
929 1855 1028 1923 Νύμφαι
1041 1853 1081 1905 καί
1093 1853 1186 1906 Ἐστία.
1200 1853 1327 1909 θαλάσσιοι
1339 1858 1366 1910 δέ
1377 1859 1461 1925 νοητολ

340 1940 381 2010 μέν
394 1940 522 1992 Ποσειδῶν
539 1959 564 1992 τε
581 1941 621 1992 καί
633 1939 776 2012 Ἀμφιτρίτη
795 1941 834 1991 καλ
846 1938 962 2008 Νηρηίδες
981 1937 1020 1989 καλ
1033 1938 1154 1990 Λευκοθέα
1166 1940 1207 1989 καί
1219 1941 1331 2010 Φόρκυς·
1350 1942 1460 2008 αἰσθητοὶ

339 2024 365 2077 δέ
377 2024 440 2091 αὐτὴ
453 2024 468 2091 ἡ
481 2023 594 2077 θάλασσα
607 2066 642 2095 ..,
655 2026 764 2096 ποταμοί
775 2043 801 2076 τε
813 2023 852 2074 καί
864 2021 955 2090 λίμναι,
968 2023 1008 2073 καλ
1020 2021 1155 2092 Ἀχελῷος.
1168 2024 1263 2094 χθόνιοι
1275 2024 1301 2076 δέ
1314 2025 1389 2095 (quos
1402 2044 1459 2080 ora·

339 2112 429 2163 culum
447 2109 610 2180 ὑποχθονίους
626 2112 713 2179 vocat)
731 2109 849 2160 Πλούτων
867 2106 907 2157 κοιλ
924 2106 1064 2176 Περσεφόνη
1082 2107 1123 2158 καί
1140 2108 1258 2178 Δημήτηρ
1279 2109 1318 2160 καλ
1335 2109 1402 2178 Κόρη
1419 2111 1460 2163 καί

340 2193 443 2265 Ἴακχος
456 2195 497 2246 καὶ
509 2192 618 2266 Σάραπις
631 2195 671 2246 κοιλ
685 2189 746 2252 Ἶσις
759 2192 798 2243 καλ
808 2187 922 2258 Ἄνουβις
935 2191 975 2242 καί
984 2189 1150 2262 Ἀρποκράτης
1164 2192 1204 2243 καί
1216 2191 1306 2259 Ἑκάτη
1319 2194 1407 2264 χθονία
1419 2195 1460 2248 καὶ

339 2278 460 2350 Ἐριννύες
477 2279 518 2330 καί
536 2279 647 2349 δαίμονες
661 2278 683 2330 oi
699 2275 752 2346 περί
768 2276 870 2336 τούτους
881 2276 922 2326 καί
934 2277 1019 2345 Φόβος
1037 2276 1078 2328 καὶ
1091 2277 1179 2346 Δέἷμος
1192 2316 1213 2328 ..
1226 2276 1268 2328 τδν
1281 2275 1345 2347 Ἄρη
1363 2282 1397 2345 πῆ
1416 2277 1458 2348 μέν

339 2363 363 2415 ἐν
375 2367 428 2424 τοῖς
440 2361 567 2433 ἐπιγείοις,
586 2369 619 2429 πῆ
637 2363 663 2415 δὲ
680 2361 704 2413 ἐν
716 2364 767 2419 τοῖς
783 2360 889 2430 χθονίοις
907 2361 1072 2412 κατατακτέον
1085 2405 1107 2416 ..
1125 2361 1155 2413 Ιιι
1173 2364 1332 2416 terrestrium
1349 2381 1458 2418 numero

339 2448 542 2518 olympiodorus
559 2450 586 2501 in
598 2449 662 2502 Plat.
676 2445 836 2498 Alcibiadem
852 2447 967 2514 priorem
983 2448 1010 2498 in
1027 2447 1084 2516 ipso
1100 2447 1175 2498 initio
1192 2447 1271 2500 refert
1288 2446 1458 2521 κλιματάρχας

339 2533 380 2584 καί
392 2531 552 2603 ἐπιχωρίους,
565 2533 707 2602 πατρῴους,
720 2528 875 2600 έστιούχους,
888 2530 1058 2589 κατοικιδίους,

410 2618 419 2651 ¹
444 2617 488 2670 Sic
501 2617 584 2671 Guisf.
597 2633 631 2669 ex
639 2613 752 2667 AHCFV
764 2616 813 2684 (γρ.
825 2614 855 2682 S)
867 2631 914 2684 pro
927 2613 1057 2684 ἐνδέχεται.
1077 2615 1171 2668 Omnia
1182 2616 1253 2668 enim
1265 2617 1352 2669 vincta
1360 2623 1422 2669 sunt
1432 2623 1459 2672 et

337 2705 396 2758 fixa
407 2704 539 2756 adrerum
550 2708 657 2755 naturae
669 2699 860 2769 complementa
872 2699 906 2751 ab
922 2697 963 2752 his
979 2699 1028 2751 diis
1043 2699 1120 2753 facta.
1143 2699 1228 2754 Chaos
1245 2702 1385 2767 sideribus,
1403 2704 1458 2756 ani·

338 2790 485 2853 mantibus,
500 2788 576 2841 certis
588 2780 714 2854 aquarum
727 2789 753 2836 et
764 2790 847 2836 terrae
860 2790 886 2836 et
896 2800 984 2836 rerum
996 2785 1114 2837 omnium
1124 2785 1215 2839 formis
1228 2793 1358 2840 caruerat:
1371 2804 1458 2841 rerum

339 2874 498 2927 discordiam
510 2877 536 2925 et
546 2870 750 2923 inconstantiam
761 2869 798 2921 dii
807 2870 1001 2935 continuerunt,
1013 2871 1098 2939 spatia
1106 2872 1195 2924 inania
1203 2872 1387 2943 impleverunt.
1403 2872 1459 2925 Iam

339 2975 356 3011 a
368 2959 455 3023 coelo,
467 2956 552 3026 aquis,
564 2954 639 3007 terris
651 2970 722 3007 nexa
732 2960 854 3007 tenentur
866 2955 962 3009 omniu.

409 3044 421 3078 ²
443 3037 539 3099 τελετάς
550 3040 763 3108 καθαγεισμοθσας
772 3038 833 3099 ίσως
846 3040 905 3105 ΔΗ,
918 3038 1127 3111 καθαγιασμένους
1138 3041 1192 3096 PG.

409 3128 420 3162 ²
443 3122 592 3196 χαράσσεται
603 3124 660 3188 ΑΗ,
673 3123 816 3193 χαρίσσεται
827 3124 861 3192 F,
877 3124 1007 3195 χαρίσσετε
1020 3126 1052 3179 G.

408 3213 419 3246 ⁴
442 3210 485 3262 Sic
496 3208 555 3275 FG,
573 3206 660 3278 ὁμοῖον
672 3209 731 3273 ΔΗ,
748 3207 819 3278 ἐμοῖο
836 3211 891 3262 rell.
915 3209 992 3262 Dicas
1009 3217 1069 3262 ante
1081 3208 1254 3280 Porphyrium
1269 3212 1307 3264 ita
1324 3214 1459 3266 oraculum

337 3296 496 3369 procesiese:
513 3294 636 3364 χρησμόν.
661 3289 755 3361 Ὅμοῖα
771 3294 799 3363 (ἰ.
814 3310 836 3347 ο.
847 3292 914 3362 ζῷα)
924 3293 1107 3353 τοῖς-θεοῖσι·
1122 3291 1248 3363 φαιδρὰ..
1269 3295 1389 3364 Namque
1405 3314 1460 3349 non

339 3396 448 3451 superos
465 3384 568 3431 tantum
585 3383 612 3430 et
622 3383 757 3430 terrestres
769 3377 845 3442 deos,
864 3378 909 3429 sed
928 3379 1006 3430 etiam
1025 3377 1140 3431 iuiemos
1159 3379 1293 3431 oraculum
1310 3384 1415 3443 mactat,
1433 3384 1460 3432 et

338 3455 441 3517 dativus
453 3461 522 3516 male
534 3462 688 3532 discerpitur
700 3462 733 3527 ab
745 3460 885 3527 τελευτῆσαι
900 3461 1080 3531 καθαγισμούς,
1099 3479 1150 3531 quo
1168 3463 1275 3530 regitur.
1298 3462 1332 3513 At
1343 3461 1459 3531 Porphy-

337 3551 393 3603 rius
405 3548 502 3617 legisse
514 3547 615 3601 videtur
627 3548 694 3599 siout
707 3546 884 3599 Gaisfordium
896 3552 1002 3599 secutus
1015 3546 1095 3621 edidi,
1112 3546 1242 3614 siquidem
1259 3547 1349 3615 nigras
1361 3546 1459 3600 hostias

337 3633 521 3704 quadrupedes
539 3632 588 3685 diis
605 3632 770 3684 terrestribus
789 3635 814 3683 et
829 3630 938 3683 infernis
955 3632 982 3683 in
994 3632 1157 3684 enarratione
1174 3631 1272 3683 tribuit.
1295 3632 1386 3700 ltaque
1397 3630 1459 3700 χθο-

337 3718 403 3777 νίους
416 3734 440 3771 ν.
453 3717 484 3770 10
496 3718 597 3770 censuit
609 3721 635 3769 et
645 3721 779 3769 terrestres
793 3720 819 3768 et
830 3715 946 3768 infernos
964 3716 1113 3784 complecti:
1131 3715 1210 3767 iidem
1221 3714 1317 3786 χθόνιοι
1327 3732 1352 3769 ν.
1366 3715 1396 3766 ll
1408 3720 1458 3767 ter·

336 3807 435 3855 restres
453 3807 523 3857 suut.
547 3802 639 3855 Solent
655 3801 761 3870 quidem
777 3802 815 3853 ita
826 3800 922 3853 inferni
938 3800 997 3854 dici.
1022 3800 1074 3853 Sed
1088 3798 1143 3853 sch.
1155 3800 1216 3853 Eur.
1228 3800 1289 3853 Hoc.
1302 3799 1347 3851 752
1364 3799 1460 3869 χθόνιοι

338 3888 380 3938 καί
394 3886 416 3937 oi
428 3884 578 3955 ἐπιχθόνιοι,
591 3887 645 3953 ἤτοι
658 3884 680 3936 οί
692 3883 774 3936 ἐπάνω
786 3891 828 3951 τῆς
841 3887 898 3954 γῆς,
912 3884 1034 3935 τουτέστιν
1047 3882 1070 3935 οί
1082 3882 1199 3955 ἐγχώριοι
1211 3884 1251 3935 καὶ
1263 3882 1369 3936 ἐντόπιοι
1381 3924 1403 3939 ..
1416 3884 1460 3937 Sic

339 3973 420 4024 etiam
432 3972 496 4023 locis
510 3987 579 4023 ome
590 3988 616 4041 p.
630 3969 677 4022 112
689 3976 742 4024 not.
753 3970 769 4022 5
782 3970 876 4023 allatis.
895 3968 935 4021 Ad
947 3986 971 4021 v.
984 3970 1013 4020 ll
1026 3970 1082 4039 ipse
1091 3967 1185 4037 Porph.
1199 3974 1313 4021 enarrat:
1327 3972 1375 4020 τῶν
1386 3967 1460 4021 δ’ἐπι-

338 4055 447 4126 χθονίων
460 4055 500 4106 καί
512 4055 619 4125 χθονίων
632 4053 778 4119 κληθέντων.
797 4054 868 4106 idem
881 4054 913 4106 de
925 4060 999 4107 antro
1008 4052 1122 4123 Nymph.
1133 4069 1188 4122 cap.
1198 4052 1226 4105 6:
1240 4051 1386 4122 Ὀλυμπίοις
1397 4053 1459 4112 θεοῖς

338 4171 373 4181 --
385 4139 493 4210 χθονίοις
506 4138 533 4190 δέ
544 4170 579 4179 -
590 4138 744 4209 ὑποχθονίοις
758 4138 792 4190 δέ.
816 4138 903 4202 Quum
915 4138 1015 4208 superis
1028 4139 1077 4190 diis
1089 4139 1193 4190 oraculo
1207 4138 1281 4190 albae
1297 4136 1399 4189 hostiae
1415 4137 1460 4188 tri·

338 4227 493 4288 buereutur,
511 4223 546 4276 dii
557 4224 652 4294 χθόνιοι
663 4224 714 4275 illis
728 4228 932 4293 opponerentur,
948 4224 1114 4275 terrestribus
1128 4221 1354 4293 infernisqueffdiis
1369 4220 1460 4287 nigras

339 4311 462 4363 uictimas
479 4308 663 4361 sacrificandas
682 4324 739 4360 esse
750 4306 909 4377 Porphyrius
927 4308 955 4359 in
971 4308 1134 4360 enarratione
1146 4307 1259 4373 collegit.
1283 4302 1355 4355 Idem
1372 4303 1461 4355 discri-

340 4411 404 4448 men
416 4394 470 4446 iam
483 4393 551 4462 apud
562 4394 716 4456 Homerum,
729 4394 800 4444 velut
811 4393 840 4446 ll.
851 4392 876 4444 3.
888 4391 948 4444 103:
961 4390 1038 4443 οἴσετε
1050 4387 1125 4459 δ’ἄρν’
1138 4389 1218 4458 ἕτερον
1231 4388 1326 4454 λευκόν,
1339 4384 1421 4456 ἑτέρην
1434 4384 1461 4438 δὲ

343 4478 461 4548 μέλαιναν
471 4477 505 4548 Γῇ
518 4494 544 4528 τε
557 4477 597 4528 καλ
606 4474 710 4545 Ἠελίῳ,
723 4475 769 4527 ubi
781 4474 876 4529 schol:
894 4472 926 4527 τδι
943 4473 1020 4528 olatio
1032 4472 1130 4543 ἑκάστῳ
1146 4474 1194 4542 θεῷ
1209 4469 1382 4543 ίερουγούμενα
1396 4466 1461 4522 εἰσά·

342 4581 393 4636 γει·
406 4566 444 4633 τῷ
457 4560 499 4636 μέν
512 4560 559 4632 γὰρ
572 4560 652 4632 Ἡλίῳ
664 4560 775 4631 λαμπρῷ
787 4554 838 4611 δντι
847 4558 887 4610 καλ
897 4556 977 4629 ἄρρενί
986 4577 1045 4629 φησι
1055 4558 1095 4609 καλ
1104 4556 1190 4609 λευκθν
1199 4554 1382 4625 ίερουργηθῆναι
1392 4550 1459 4625 ἄρνα,
