3592 5400
777 649 885 695 sorar.
1274 631 1316 694 29

383 839 453 912 Quo
475 838 549 907 haee
572 839 672 906 omnia
695 839 879 929 pertineant,
903 840 1030 928 quisque
1053 839 1147 907 videt:
1169 840 1316 907 obtrecta-

337 984 435 1044 torum
469 985 499 1045 et
527 979 698 1045 invidorum
728 979 859 1045 insulsas
890 979 1007 1045 fabulas
1038 982 1208 1060 mittamus3
1239 983 1318 1047 inter

339 1117 494 1183 Platonem
527 1124 557 1185 et
584 1119 778 1186 Aristotelem
802 1120 965 1186 discidium
988 1120 1110 1207 aliquod
1133 1121 1226 1186 fuisse
1248 1143 1316 1209 pro·

338 1256 436 1322 babile
466 1263 527 1323 est:
557 1280 613 1324 nee
642 1263 742 1324 tamen
765 1259 869 1324 odium
893 1264 946 1325 aut
969 1259 1083 1324 invidia
1105 1260 1257 1338 interfuit,
1283 1264 1317 1324 ut

338 1395 413 1462 bene
445 1403 546 1464 noster
579 1397 764 1465 demonstrat
798 1421 835 1463 ex
868 1398 944 1486 ipsis
978 1398 1152 1465 Aristotelis
1186 1399 1316 1487 seriptis.

338 1536 461 1609 Quanta
490 1536 654 1603 reverentia
688 1542 718 1603 et
749 1536 935 1603 humanitate
965 1536 1016 1602 hie
1045 1538 1083 1603 de
1105 1538 1250 1626 magistro
1272 1538 1316 1604 Ιο-

337 1675 461 1761 quitur!
493 1675 593 1743 Euhie.
624 1676 744 1742 Nicom.
774 1677 801 1742 I.
833 1681 863 1742 4.
891 1677 928 1739 τὸ
951 1675 986 1740 δέ
1012 1675 1160 1741 καθόλου
1182 1676 1316 1764 βέλτιον

337 1813 414 1888 ἰ’σως
450 1812 698 1900 ἐπισκέψασθαι
734 1817 790 1878 καλ
826 1813 1024 1900 διαπορῆσαι
1061 1817 1130 1890 πῶς
1165 1814 1314 1896 λέγεται,

339 1955 456 2039 καίπερ
480 1959 684 2039 προσάντονς
708 1961 764 2036 τῆς
788 1959 941 2038 τοιαότης
963 1954 1121 2038 ζητήσεως
1141 1954 1316 2040 γινομένης

339 2090 395 2156 διά
426 2096 462 2157 τό
494 2092 609 2176 φίλους
638 2091 765 2178 ἄνδρας
797 2095 985 2172 εῖσαγαγεῖν
1018 2097 1059 2158 τὰ
1091 2093 1174 2178 εἴδη.
1212 2093 1315 2169 δόξειε

339 2230 369 2294 δ’
382 2235 426 2297 ἂν
457 2232 533 2308 ἴσως
564 2231 698 2319 βέλτιον
730 2224 815 2297 εἶναι
849 2235 904 2296 καλ
938 2231 1008 2298 δεῖν
1037 2235 1090 2297 ἐπὶ
1115 2234 1256 2318 σωτηρίᾳ
1280 2259 1315 2309 γε

339 2378 395 2453 τῆς
424 2370 585 2456 ἀληθείας
615 2374 670 2437 καλ
701 2375 741 2436 τά
766 2374 871 2436 οἰκεῖα
896 2371 1046 2457 ἀναιρεῖν
1069 2370 1177 2447 ἄλλως
1201 2397 1235 2437 τε
1260 2373 1315 2436 καῖ

338 2509 535 2595 φιλοσόφους
566 2514 678 2587 ὄντας·
711 2511 834 2595 ἀμφοῖν
867 2514 929 2597 γὰρ
953 2515 1066 2577 ὄντοιν
1090 2510 1201 2594 φίλοιν
1225 2513 1315 2578 όσιον

339 2658 503 2737 προτιμᾶν
535 2657 595 2734 τὴν
624 2650 799 2733 ἀληθειαν.
826 2691 868 2702 -
891 2653 976 2719 Iu'ira
998 2657 1099 2719 noster
1122 2659 1157 2719 ut
1179 2652 1318 2719 ostendat

338 2799 424 2880 grato
455 2815 527 2880 erga
557 2793 735 2882 magistrum
766 2794 865 2859 auimo
895 2794 990 2860 fuisse
1021 2793 1213 2860 Aristotelem
1245 2792 1317 2859 haee

338 2934 439 2998 affert:
461 2932 577 3017 “eimau
597 2938 658 3018 γάρ
680 2958 730 3008 τις
749 2931 850 3009 ἄλλος
870 2934 1025 3016 φαίνεται
1042 2935 1061 2996 ό
1077 2931 1315 3018 Ἀριστοτέλης

340 3071 655 3157 καταπεπληγμένος
671 3071 853 3153 Πλάτωνα,
872 3074 1045 3159 ἐπιγράφει
1062 3075 1123 3159 γάρ
1137 3076 1182 3149 εἷς
1194 3072 1295 3138 αὐτόν
1303 3121 1313 3152 ,

385 3276 506 3358 Βωμόν
530 3274 768 3359 Ἀριστοτέλης
794 3274 947 3360 ἱδριόσατο
971 3273 1066 3342 τόνδε
1089 3273 1261 3354 Πλάτωνι,

339 3465 395 3528 καλ
420 3462 565 3551 ἀλλαχοῦ
590 3467 662 3550 περὶ
688 3462 788 3529 αὐτοῦ
812 3465 924 3547 φησίν·

383 3652 543 3739 Ἀνδρός,
568 3655 606 3719 όν
630 3652 700 3718 οὐδ’
725 3655 833 3719 αἰνεῖν
858 3659 942 3717 τοῖσι
968 3658 1096 3716 κακοῖσι
1122 3649 1229 3734 θέμις.
1240 3700 1262 3731 ,,

383 3854 469 3927 Quae
498 3854 605 3920 melius
634 3854 779 3942 leguntur
809 3854 842 3918 in
873 3852 1021 3918 Versione
1051 3853 1089 3919 V.
1119 3853 1154 3919 L.
1183 3858 1213 3918 et
1236 3853 1314 3940 apud

337 3994 682 4071 Pseudo-Ammonium‚
705 3993 758 4059 illa
781 3991 884 4058 habet:
910 4001 1013 4057 “aram
1032 3993 1217 4058 consecravit
1236 3994 1262 4057 ei
1281 3993 1314 4057 iu

337 4157 397 4219 qua
419 4133 541 4220 scripsit
561 4133 620 4198 ita:

426 4325 518 4389 Aram
541 4321 719 4387 Aristoteles
740 4320 880 4387 fundavit
902 4320 980 4387 haue
1002 4319 1138 4388 Platonis

426 4463 510 4542 Viri,
533 4486 622 4549 quem
645 4484 707 4528 uon
729 4468 774 4528 est
796 4461 977 4528 conveniens
999 4460 1086 4526 malis
1109 4460 1237 4527 laudare
1276 4514 1278 4516 .
