<?xml version="1.0" encoding="UTF-8"?>
<!DOCTYPE html PUBLIC "-//W3C//DTD XHTML 1.0 Transitional//EN"
    "http://www.w3.org/TR/xhtml1/DTD/xhtml1-transitional.dtd">
<html xmlns="http://www.w3.org/1999/xhtml" xml:lang="en" lang="en">
 <head>
  <title>
</title>
<meta http-equiv="Content-Type" content="text/html;charset=utf-8" />
  <meta name='ocr-system' content='tesseract 3.04.00' />
  <meta name='ocr-capabilities' content='ocr_page ocr_carea ocr_par ocr_line ocrx_word'/>
</head>
<body>
  <div class='ocr_page' id='page_1' title='image "./pamphletsonaris00porpgoog_0116.png"; bbox 0 0 3592 5400; ppageno 0'>
   <div class='ocr_carea' id='block_1_1' title="bbox 393 522 1156 590">
    <p class='ocr_par' dir='ltr' id='par_1_1' title="bbox 393 522 1156 590">
     <span class='ocr_line' id='line_1_1' title="bbox 393 522 1156 590; baseline 0.003 -2"><span class='ocrx_word' id='word_1_1' title='bbox 393 522 431 588; x_wconf 76' lang='lat'>12</span> <span class='ocrx_word' id='word_1_2' title='bbox 744 545 840 589; x_wconf 76' lang='lat' dir='ltr'>carur</span> <span class='ocrx_word' id='word_1_3' title='bbox 855 548 874 589; x_wconf 93' lang='lat'>1.</span> <span class='ocrx_word' id='word_1_4' title='bbox 901 545 970 589; x_wconf 77' lang='lat' dir='ltr'>ura</span> <span class='ocrx_word' id='word_1_5' title='bbox 984 546 1156 590; x_wconf 80' lang='lat' dir='ltr'>romnrnn.</span> 
     </span>
    </p>
   </div>
   <div class='ocr_carea' id='block_1_2' title="bbox 389 699 1510 870">
    <p class='ocr_par' dir='ltr' id='par_1_2' title="bbox 389 699 1510 870">
     <span class='ocr_line' id='line_1_2' title="bbox 390 699 1510 770; baseline 0 -12"><span class='ocrx_word' id='word_1_6' title='bbox 390 699 501 770; x_wconf 91' lang='lat' dir='ltr'>studio,</span> <span class='ocrx_word' id='word_1_7' title='bbox 522 717 622 757; x_wconf 86' lang='lat' dir='ltr'>revera</span> <span class='ocrx_word' id='word_1_8' title='bbox 641 705 739 757; x_wconf 90' lang='lat' dir='ltr'>tamen</span> <span class='ocrx_word' id='word_1_9' title='bbox 760 700 898 759; x_wconf 88' lang='lat' dir='ltr'>laborans</span> <span class='ocrx_word' id='word_1_10' title='bbox 917 701 977 758; x_wconf 88' lang='lat' dir='ltr'>bile</span> <span class='ocrx_word' id='word_1_11' title='bbox 992 708 1114 759; x_wconf 86' lang='lat' dir='ltr'>mortem</span> <span class='ocrx_word' id='word_1_12' title='bbox 1130 701 1187 759; x_wconf 93' lang='lat' dir='ltr'>sibi</span> <span class='ocrx_word' id='word_1_13' title='bbox 1202 701 1382 759; x_wconf 80' lang='lat' dir='ltr'>consciscere</span> <span class='ocrx_word' id='word_1_14' title='bbox 1402 701 1433 758; x_wconf 93' lang='lat' dir='ltr'>in</span> <span class='ocrx_word' id='word_1_15' title='bbox 1448 703 1510 758; x_wconf 93' lang='lat' dir='ltr'>ani·</span> 
     </span>
     <span class='ocr_line' id='line_1_3' title="bbox 389 808 1510 870; baseline 0.002 -2"><span class='ocrx_word' id='word_1_16' title='bbox 389 829 468 869; x_wconf 90' lang='lat' dir='ltr'>mum</span> <span class='ocrx_word' id='word_1_17' title='bbox 490 810 613 868; x_wconf 86' lang='lat' dir='ltr'><strong>induxit.</strong></span> <span class='ocrx_word' id='word_1_18' title='bbox 644 808 702 869; x_wconf 88' lang='lat' dir='ltr'>Sed</span> <span class='ocrx_word' id='word_1_19' title='bbox 724 829 743 868; x_wconf 93' lang='lat' dir='ltr'>a</span> <span class='ocrx_word' id='word_1_20' title='bbox 763 809 882 870; x_wconf 88' lang='lat' dir='ltr'>Plotino</span> <span class='ocrx_word' id='word_1_21' title='bbox 905 812 1050 870; x_wconf 89' lang='lat' dir='ltr'>cohibitus</span> <span class='ocrx_word' id='word_1_22' title='bbox 1073 812 1111 869; x_wconf 93' lang='lat' dir='ltr'>ad</span> <span class='ocrx_word' id='word_1_23' title='bbox 1132 811 1232 869; x_wconf 91' lang='lat' dir='ltr'>mitius</span> <span class='ocrx_word' id='word_1_24' title='bbox 1256 809 1375 870; x_wconf 84' lang='lat' dir='ltr'>Siciliae</span> <span class='ocrx_word' id='word_1_25' title='bbox 1397 813 1510 870; x_wconf 87' lang='lat' dir='ltr'>caelum</span> 
     </span>
    </p>
   </div>
   <div class='ocr_carea' id='block_1_3' title="bbox 389 914 1510 1013">
    <p class='ocr_par' dir='ltr' id='par_1_3' title="bbox 389 914 1510 1013">
     <span class='ocr_line' id='line_1_4' title="bbox 389 914 1510 1013; baseline -0.001 -33"><span class='ocrx_word' id='word_1_26' title='bbox 389 922 497 980; x_wconf 88' lang='lat' dir='ltr'>missus</span> <span class='ocrx_word' id='word_1_27' title='bbox 519 914 590 980; x_wconf 87' lang='lat' dir='ltr'>est¹.</span> <span class='ocrx_word' id='word_1_28' title='bbox 629 923 715 979; x_wconf 91' lang='lat' dir='ltr'>Anno</span> <span class='ocrx_word' id='word_1_29' title='bbox 736 921 825 1013; x_wconf 69' lang='lat' dir='ltr'>igitur</span> <span class='ocrx_word' id='word_1_30' title='bbox 847 914 928 981; x_wconf 74' lang='lat'><strong>267²</strong></span> <span class='ocrx_word' id='word_1_31' title='bbox 949 922 1045 980; x_wconf 88' lang='lat' dir='ltr'>hieme</span> <span class='ocrx_word' id='word_1_32' title='bbox 1067 916 1204 980; x_wconf 80' lang='lat' dir='ltr'>ineunte³</span> <span class='ocrx_word' id='word_1_33' title='bbox 1226 921 1401 997; x_wconf 81' lang='lat' dir='ltr'>Lilybaeum</span> <span class='ocrx_word' id='word_1_34' title='bbox 1423 941 1456 980; x_wconf 88' lang='lat' dir='ltr'>se</span> <span class='ocrx_word' id='word_1_35' title='bbox 1477 923 1510 979; x_wconf 94' lang='lat' dir='ltr'>in</span> 
     </span>
    </p>
   </div>
   <div class='ocr_carea' id='block_1_4' title="bbox 332 1028 1511 2099">
    <p class='ocr_par' dir='ltr' id='par_1_4' title="bbox 332 1028 1511 1997">
     <span class='ocr_line' id='line_1_5' title="bbox 388 1028 1511 1110; baseline 0.001 -20"><span class='ocrx_word' id='word_1_36' title='bbox 388 1032 478 1091; x_wconf 90' lang='lat' dir='ltr'>Probi</span> <span class='ocrx_word' id='word_1_37' title='bbox 492 1031 638 1092; x_wconf 84' lang='lat' dir='ltr'>Platonici</span> <span class='ocrx_word' id='word_1_38' title='bbox 653 1033 768 1090; x_wconf 92' lang='lat' dir='ltr'>domum</span> <span class='ocrx_word' id='word_1_39' title='bbox 784 1028 921 1109; x_wconf 86' lang='lat' dir='ltr'>recepit¹.</span> <span class='ocrx_word' id='word_1_40' title='bbox 951 1035 995 1091; x_wconf 85' lang='lat' dir='ltr'>Eo</span> <span class='ocrx_word' id='word_1_41' title='bbox 1011 1032 1220 1092; x_wconf 86' lang='lat' dir='ltr'>consolationis</span> <span class='ocrx_word' id='word_1_42' title='bbox 1236 1050 1324 1091; x_wconf 86' lang='lat' dir='ltr'>causa</span> <span class='ocrx_word' id='word_1_43' title='bbox 1338 1041 1511 1110; x_wconf 89' lang='lat' dir='ltr'>praeceptor</span> 
     </span>
     <span class='ocr_line' id='line_1_6' title="bbox 389 1142 1510 1222; baseline 0 -21"><span class='ocrx_word' id='word_1_44' title='bbox 389 1142 521 1222; x_wconf 84' lang='lat' dir='ltr'>egregius</span> <span class='ocrx_word' id='word_1_45' title='bbox 537 1163 625 1220; x_wconf 90' lang='lat' dir='ltr'>quum</span> <span class='ocrx_word' id='word_1_46' title='bbox 639 1143 699 1201; x_wconf 90' lang='lat' dir='ltr'>alia</span> <span class='ocrx_word' id='word_1_47' title='bbox 713 1143 807 1213; x_wconf 86' lang='lat' dir='ltr'>misit,</span> <span class='ocrx_word' id='word_1_48' title='bbox 829 1151 891 1201; x_wconf 88' lang='lat' dir='ltr'>tum</span> <span class='ocrx_word' id='word_1_49' title='bbox 906 1164 933 1202; x_wconf 88' lang='lat' dir='ltr'>a.</span> <span class='ocrx_word' id='word_1_50' title='bbox 947 1145 1007 1202; x_wconf 77' lang='lat'>268</span> <span class='ocrx_word' id='word_1_51' title='bbox 1023 1143 1059 1201; x_wconf 94' lang='lat' dir='ltr'>de</span> <span class='ocrx_word' id='word_1_52' title='bbox 1073 1143 1214 1201; x_wconf 84' lang='lat' dir='ltr'>felicitato</span> <span class='ocrx_word' id='word_1_53' title='bbox 1228 1150 1257 1201; x_wconf 91' lang='lat' dir='ltr'>et</span> <span class='ocrx_word' id='word_1_54' title='bbox 1272 1143 1310 1201; x_wconf 89' lang='lat' dir='ltr'>de</span> <span class='ocrx_word' id='word_1_55' title='bbox 1327 1143 1510 1220; x_wconf 89' lang='lat' dir='ltr'>providentia</span> 
     </span>
     <span class='ocr_line' id='line_1_7' title="bbox 389 1248 1508 1331; baseline 0.001 -20"><span class='ocrx_word' id='word_1_56' title='bbox 389 1248 513 1325; x_wconf 77' lang='lat' dir='ltr'>libros⁴,</span> <span class='ocrx_word' id='word_1_57' title='bbox 540 1255 646 1331; x_wconf 90' lang='lat' dir='ltr'>quibus</span> <span class='ocrx_word' id='word_1_58' title='bbox 673 1255 853 1313; x_wconf 84' lang='lat' dir='ltr'>demonstrat</span> <span class='ocrx_word' id='word_1_59' title='bbox 877 1253 989 1312; x_wconf 91' lang='lat' dir='ltr'>homini</span> <span class='ocrx_word' id='word_1_60' title='bbox 1014 1254 1103 1312; x_wconf 87' lang='lat' dir='ltr'>licere</span> <span class='ocrx_word' id='word_1_61' title='bbox 1128 1254 1175 1312; x_wconf 91' lang='lat' dir='ltr'>vcl</span> <span class='ocrx_word' id='word_1_62' title='bbox 1195 1254 1303 1312; x_wconf 85' lang='lat' dir='ltr'>viventi</span> <span class='ocrx_word' id='word_1_63' title='bbox 1324 1272 1389 1313; x_wconf 88' lang='lat' dir='ltr'>esse</span> <span class='ocrx_word' id='word_1_64' title='bbox 1413 1256 1508 1325; x_wconf 87' lang='lat' dir='ltr'>beato,</span> 
     </span>
     <span class='ocr_line' id='line_1_8' title="bbox 388 1359 1508 1442; baseline 0 -20"><span class='ocrx_word' id='word_1_65' title='bbox 388 1384 481 1442; x_wconf 87' lang='lat' dir='ltr'>neque</span> <span class='ocrx_word' id='word_1_66' title='bbox 494 1365 642 1425; x_wconf 81' lang='lat' dir='ltr'>Fortunae</span> <span class='ocrx_word' id='word_1_67' title='bbox 664 1364 805 1424; x_wconf 87' lang='lat' dir='ltr'>adversae</span> <span class='ocrx_word' id='word_1_68' title='bbox 827 1383 880 1423; x_wconf 93' lang='lat' dir='ltr'>nos</span> <span class='ocrx_word' id='word_1_69' title='bbox 904 1366 1009 1423; x_wconf 88' lang='lat' dir='ltr'>debere</span> <span class='ocrx_word' id='word_1_70' title='bbox 1032 1359 1250 1424; x_wconf 72' lang='lat' dir='ltr'>succumbere.4</span> <span class='ocrx_word' id='word_1_71' title='bbox 1275 1365 1443 1440; x_wconf 90' lang='lat' dir='ltr'>Ibidemque</span> <span class='ocrx_word' id='word_1_72' title='bbox 1458 1385 1508 1423; x_wconf 89' lang='lat' dir='ltr'>an·</span> 
     </span>
     <span class='ocr_line' id='line_1_9' title="bbox 388 1471 1507 1554; baseline -0.002 -20"><span class='ocrx_word' id='word_1_73' title='bbox 388 1496 457 1534; x_wconf 90' lang='lat' dir='ltr'>num</span> <span class='ocrx_word' id='word_1_74' title='bbox 480 1477 540 1535; x_wconf 79' lang='lat'>269</span> <span class='ocrx_word' id='word_1_75' title='bbox 563 1476 744 1552; x_wconf 86' lang='lat' dir='ltr'>Porphyrius</span> <span class='ocrx_word' id='word_1_76' title='bbox 771 1471 881 1554; x_wconf 50' lang='lat' dir='ltr'>depth</span> <span class='ocrx_word' id='word_1_77' title='bbox 914 1495 970 1552; x_wconf 89' lang='lat' dir='ltr'>qno</span> <span class='ocrx_word' id='word_1_78' title='bbox 992 1495 1069 1534; x_wconf 86' lang='lat' dir='ltr'>anno</span> <span class='ocrx_word' id='word_1_79' title='bbox 1092 1475 1228 1535; x_wconf 91' lang='lat' dir='ltr'>Plotinus</span> <span class='ocrx_word' id='word_1_80' title='bbox 1251 1495 1267 1532; x_wconf 93' lang='lat' dir='ltr'>e</span> <span class='ocrx_word' id='word_1_81' title='bbox 1290 1475 1350 1533; x_wconf 88' lang='lat' dir='ltr'>vita</span> <span class='ocrx_word' id='word_1_82' title='bbox 1371 1477 1507 1535; x_wconf 84' lang='lat' dir='ltr'>excessit.</span> 
     </span>
     <span class='ocr_line' id='line_1_10' title="bbox 386 1585 1509 1664; baseline -0.001 -19"><span class='ocrx_word' id='word_1_83' title='bbox 386 1586 538 1664; x_wconf 87' lang='lat' dir='ltr'>Longinus</span> <span class='ocrx_word' id='word_1_84' title='bbox 554 1593 623 1643; x_wconf 90' lang='lat' dir='ltr'>tunc</span> <span class='ocrx_word' id='word_1_85' title='bbox 637 1586 794 1662; x_wconf 83' lang='lat' dir='ltr'>Palmyrae</span> <span class='ocrx_word' id='word_1_86' title='bbox 810 1587 977 1657; x_wconf 85' lang='lat' dir='ltr'>habitabat,</span> <span class='ocrx_word' id='word_1_87' title='bbox 998 1587 1162 1645; x_wconf 83' lang='lat' dir='ltr'>aZenobia</span> <span class='ocrx_word' id='word_1_88' title='bbox 1181 1585 1284 1663; x_wconf 85' lang='lat' dir='ltr'>regina</span> <span class='ocrx_word' id='word_1_89' title='bbox 1298 1592 1328 1643; x_wconf 90' lang='lat' dir='ltr'>et</span> <span class='ocrx_word' id='word_1_90' title='bbox 1345 1594 1464 1644; x_wconf 89' lang='lat' dir='ltr'>vocatus</span> <span class='ocrx_word' id='word_1_91' title='bbox 1479 1593 1509 1644; x_wconf 89' lang='lat' dir='ltr'>et</span> 
     </span>
     <span class='ocr_line' id='line_1_11' title="bbox 332 1690 1508 1773; baseline -0.001 -18"><span class='ocrx_word' id='word_1_92' title='bbox 332 1759 339 1771; x_wconf 36' lang='lat'><em>⁶</em></span> <span class='ocrx_word' id='word_1_93' title='bbox 387 1697 504 1755; x_wconf 88' lang='lat' dir='ltr'>maximi</span> <span class='ocrx_word' id='word_1_94' title='bbox 519 1690 663 1756; x_wconf 79' lang='lat' dir='ltr'>habitus⁶.</span> <span class='ocrx_word' id='word_1_95' title='bbox 694 1696 754 1771; x_wconf 80' lang='lat' dir='ltr'>Qui</span> <span class='ocrx_word' id='word_1_96' title='bbox 769 1717 858 1773; x_wconf 91' lang='lat' dir='ltr'>quum</span> <span class='ocrx_word' id='word_1_97' title='bbox 872 1696 984 1754; x_wconf 90' lang='lat' dir='ltr'>Plotini</span> <span class='ocrx_word' id='word_1_98' title='bbox 1000 1697 1109 1756; x_wconf 92' lang='lat' dir='ltr'>obitum</span> <span class='ocrx_word' id='word_1_99' title='bbox 1124 1696 1302 1772; x_wconf 85' lang='lat' dir='ltr'>accepisset,</span> <span class='ocrx_word' id='word_1_100' title='bbox 1323 1696 1457 1755; x_wconf 87' lang='lat' dir='ltr'>invitavit</span> <span class='ocrx_word' id='word_1_101' title='bbox 1471 1697 1508 1754; x_wconf 93' lang='lat' dir='ltr'>ad</span> 
     </span>
     <span class='ocr_line' id='line_1_12' title="bbox 387 1790 1507 1884; baseline -0.002 -18"><span class='ocrx_word' id='word_1_102' title='bbox 387 1790 421 1866; x_wconf 77' lang='lat' dir='ltr'>se</span> <span class='ocrx_word' id='word_1_103' title='bbox 430 1801 657 1884; x_wconf 62' lang='lat' dir='ltr'>Porphyrium&gt;73</span> <span class='ocrx_word' id='word_1_104' title='bbox 674 1807 723 1864; x_wconf 91' lang='lat' dir='ltr'>hic</span> <span class='ocrx_word' id='word_1_105' title='bbox 737 1815 834 1865; x_wconf 89' lang='lat' dir='ltr'>tamen</span> <span class='ocrx_word' id='word_1_106' title='bbox 851 1827 909 1865; x_wconf 93' lang='lat' dir='ltr'>non</span> <span class='ocrx_word' id='word_1_107' title='bbox 924 1806 1037 1865; x_wconf 87' lang='lat' dir='ltr'>videtur</span> <span class='ocrx_word' id='word_1_108' title='bbox 1051 1808 1206 1866; x_wconf 87' lang='lat' dir='ltr'>obsecutus</span> <span class='ocrx_word' id='word_1_109' title='bbox 1222 1826 1302 1878; x_wconf 88' lang='lat' dir='ltr'>esse,</span> <span class='ocrx_word' id='word_1_110' title='bbox 1320 1807 1371 1865; x_wconf 90' lang='lat' dir='ltr'>scd</span> <span class='ocrx_word' id='word_1_111' title='bbox 1382 1806 1507 1865; x_wconf 87' lang='lat' dir='ltr'>Romam</span> 
     </span>
     <span class='ocr_line' id='line_1_13' title="bbox 386 1909 1312 1997; baseline 0 -21"><span class='ocrx_word' id='word_1_112' title='bbox 386 1913 590 1997; x_wconf 77' lang='lat' dir='ltr'>migr·avisse⁸,</span> <span class='ocrx_word' id='word_1_113' title='bbox 613 1918 663 1978; x_wconf 91' lang='lat' dir='ltr'>ubi</span> <span class='ocrx_word' id='word_1_114' title='bbox 678 1938 783 1996; x_wconf 83' lang='lat' dir='ltr'>magno</span> <span class='ocrx_word' id='word_1_115' title='bbox 798 1918 942 1995; x_wconf 91' lang='lat' dir='ltr'>applausu</span> <span class='ocrx_word' id='word_1_116' title='bbox 956 1917 1173 1995; x_wconf 91' lang='lat' dir='ltr'>philosophiam</span> <span class='ocrx_word' id='word_1_117' title='bbox 1187 1909 1312 1976; x_wconf 73' lang='lat' dir='ltr'>docuit9.</span> 
     </span>
    </p>

    <p class='ocr_par' dir='ltr' id='par_1_5' title="bbox 450 2027 1505 2099">
     <span class='ocr_line' id='line_1_14' title="bbox 450 2027 1505 2099; baseline -0.004 -10"><span class='ocrx_word' id='word_1_118' title='bbox 450 2027 557 2089; x_wconf 85' lang='lat' dir='ltr'>Senior</span> <span class='ocrx_word' id='word_1_119' title='bbox 570 2029 739 2088; x_wconf 89' lang='lat' dir='ltr'>Marcellam</span> <span class='ocrx_word' id='word_1_120' title='bbox 754 2028 785 2086; x_wconf 92' lang='lat' dir='ltr'>in</span> <span class='ocrx_word' id='word_1_121' title='bbox 800 2027 1017 2087; x_wconf 89' lang='lat' dir='ltr'>matrimonium</span> <span class='ocrx_word' id='word_1_122' title='bbox 1031 2028 1126 2099; x_wconf 88' lang='lat' dir='ltr'>duxit,</span> <span class='ocrx_word' id='word_1_123' title='bbox 1149 2027 1304 2086; x_wconf 86' lang='lat' dir='ltr'>familiaris</span> <span class='ocrx_word' id='word_1_124' title='bbox 1319 2028 1365 2087; x_wconf 89' lang='lat' dir='ltr'>sui</span> <span class='ocrx_word' id='word_1_125' title='bbox 1380 2028 1505 2098; x_wconf 88' lang='lat' dir='ltr'>viduam,</span> 
     </span>
    </p>
   </div>
   <div class='ocr_carea' id='block_1_5' title="bbox 384 2204 1577 3384">
    <p class='ocr_par' dir='ltr' id='par_1_6' title="bbox 384 2204 1577 2789">
     <span class='ocr_line' id='line_1_15' title="bbox 454 2204 1577 2278; baseline -0.004 -16"><span class='ocrx_word' id='word_1_126' title='bbox 454 2210 463 2242; x_wconf 92' lang='lat'><strong>¹</strong></span> <span class='ocrx_word' id='word_1_127' title='bbox 482 2208 747 2263; x_wconf 76' lang='lat' dir='ltr'>vit.P10t.110xtr.=</span> <span class='ocrx_word' id='word_1_128' title='bbox 770 2207 816 2258; x_wconf 82' lang='grc' dir='ltr'>Καί</span> <span class='ocrx_word' id='word_1_129' title='bbox 833 2225 893 2259; x_wconf 84' lang='grc' dir='ltr'>ποτε</span> <span class='ocrx_word' id='word_1_130' title='bbox 911 2205 972 2276; x_wconf 80' lang='grc' dir='ltr'>ἐμοῦ</span> <span class='ocrx_word' id='word_1_131' title='bbox 990 2206 1130 2276; x_wconf 86' lang='grc' dir='ltr'>Πορφυρίου</span> <span class='ocrx_word' id='word_1_132' title='bbox 1149 2207 1290 2277; x_wconf 73' lang='lat' dir='ltr'>(Plotinusl</span> <span class='ocrx_word' id='word_1_133' title='bbox 1308 2206 1397 2278; x_wconf 76' lang='grc' dir='ltr'>ᾔσθετο</span> <span class='ocrx_word' id='word_1_134' title='bbox 1415 2205 1506 2277; x_wconf 79' lang='grc' dir='ltr'>ἐξάγειν</span> <span class='ocrx_word' id='word_1_135' title='bbox 1568 2204 1577 2222; x_wconf 92' lang='grc'><strong>’</strong></span> 
     </span>
     <span class='ocr_line' id='line_1_16' title="bbox 386 2290 1506 2364; baseline -0.002 -19"><span class='ocrx_word' id='word_1_136' title='bbox 386 2290 490 2364; x_wconf 80' lang='grc' dir='ltr'>ἕμαυτδν</span> <span class='ocrx_word' id='word_1_137' title='bbox 509 2293 682 2363; x_wconf 76' lang='grc' dir='ltr'>διανοουμένου</span> <span class='ocrx_word' id='word_1_138' title='bbox 700 2297 744 2344; x_wconf 80' lang='grc' dir='ltr'>τοῦ</span> <span class='ocrx_word' id='word_1_139' title='bbox 763 2291 830 2361; x_wconf 91' lang='grc' dir='ltr'>βίου,</span> <span class='ocrx_word' id='word_1_140' title='bbox 854 2292 895 2344; x_wconf 79' lang='grc' dir='ltr'>καί</span> <span class='ocrx_word' id='word_1_141' title='bbox 913 2290 1024 2362; x_wconf 80' lang='grc' dir='ltr'>ἐξαίφνης</span> <span class='ocrx_word' id='word_1_142' title='bbox 1042 2290 1140 2352; x_wconf 78' lang='grc' dir='ltr'>ἐπιστάς</span> <span class='ocrx_word' id='word_1_143' title='bbox 1165 2312 1207 2362; x_wconf 90' lang='grc' dir='ltr'>μοι</span> <span class='ocrx_word' id='word_1_144' title='bbox 1228 2291 1307 2362; x_wconf 83' lang='grc' dir='ltr'>ἐντῷ</span> <span class='ocrx_word' id='word_1_145' title='bbox 1330 2291 1393 2361; x_wconf 85' lang='grc' dir='ltr'>οίκῳ</span> <span class='ocrx_word' id='word_1_146' title='bbox 1415 2293 1506 2362; x_wconf 88' lang='grc' dir='ltr'>διατρί·</span> 
     </span>
     <span class='ocr_line' id='line_1_17' title="bbox 386 2370 1506 2448; baseline -0.002 -18"><span class='ocrx_word' id='word_1_147' title='bbox 386 2379 453 2448; x_wconf 92' lang='grc' dir='ltr'>βοντι</span> <span class='ocrx_word' id='word_1_148' title='bbox 471 2378 511 2429; x_wconf 79' lang='grc' dir='ltr'>καί</span> <span class='ocrx_word' id='word_1_149' title='bbox 529 2375 615 2447; x_wconf 84' lang='grc' dir='ltr'>εἰπών,</span> <span class='ocrx_word' id='word_1_150' title='bbox 640 2377 673 2447; x_wconf 80' lang='grc' dir='ltr'>μὴ</span> <span class='ocrx_word' id='word_1_151' title='bbox 692 2370 751 2429; x_wconf 79' lang='grc' dir='ltr'>εἶναι</span> <span class='ocrx_word' id='word_1_152' title='bbox 768 2378 858 2443; x_wconf 80' lang='grc' dir='ltr'>ταύτην</span> <span class='ocrx_word' id='word_1_153' title='bbox 876 2377 920 2443; x_wconf 80' lang='grc' dir='ltr'>τὴν</span> <span class='ocrx_word' id='word_1_154' title='bbox 938 2376 1075 2446; x_wconf 78' lang='grc' dir='ltr'>προθυμίαν</span> <span class='ocrx_word' id='word_1_155' title='bbox 1093 2374 1121 2428; x_wconf 87' lang='grc' dir='ltr'>έκ</span> <span class='ocrx_word' id='word_1_156' title='bbox 1138 2379 1222 2446; x_wconf 74' lang='grc' dir='ltr'>νοερᾶς</span> <span class='ocrx_word' id='word_1_157' title='bbox 1241 2376 1427 2446; x_wconf 69' lang='grc' dir='ltr'>καταστάσεως,</span> <span class='ocrx_word' id='word_1_158' title='bbox 1450 2376 1506 2429; x_wconf 78' lang='grc' dir='ltr'>ἀλλ’</span> 
     </span>
     <span class='ocr_line' id='line_1_18' title="bbox 385 2459 1506 2534; baseline -0.003 -19"><span class='ocrx_word' id='word_1_159' title='bbox 385 2462 412 2516; x_wconf 77' lang='grc' dir='ltr'>ἐκ</span> <span class='ocrx_word' id='word_1_160' title='bbox 430 2463 613 2534; x_wconf 79' lang='grc' dir='ltr'>μελαγχολικῆς</span> <span class='ocrx_word' id='word_1_161' title='bbox 637 2462 700 2522; x_wconf 81' lang='grc' dir='ltr'>ίινος</span> <span class='ocrx_word' id='word_1_162' title='bbox 718 2465 807 2531; x_wconf 83' lang='grc' dir='ltr'>νόσου,</span> <span class='ocrx_word' id='word_1_163' title='bbox 830 2461 990 2531; x_wconf 78' lang='grc' dir='ltr'>ἀποδημῆσαι</span> <span class='ocrx_word' id='word_1_164' title='bbox 1007 2460 1127 2514; x_wconf 80' lang='grc' dir='ltr'>ἐκέλευσε.</span> <span class='ocrx_word' id='word_1_165' title='bbox 1158 2460 1264 2522; x_wconf 81' lang='grc' dir='ltr'>Πεισθείς</span> <span class='ocrx_word' id='word_1_166' title='bbox 1283 2463 1305 2513; x_wconf 79' lang='grc' dir='ltr'>δ’</span> <span class='ocrx_word' id='word_1_167' title='bbox 1318 2463 1387 2532; x_wconf 80' lang='grc' dir='ltr'>αὐτῷ</span> <span class='ocrx_word' id='word_1_168' title='bbox 1405 2461 1456 2532; x_wconf 80' lang='grc' dir='ltr'>ἐγὼ</span> <span class='ocrx_word' id='word_1_169' title='bbox 1475 2459 1506 2522; x_wconf 88' lang='grc' dir='ltr'>είς</span> 
     </span>
     <span class='ocr_line' id='line_1_19' title="bbox 384 2543 1505 2618; baseline -0.004 -18"><span class='ocrx_word' id='word_1_170' title='bbox 384 2548 427 2616; x_wconf 79' lang='grc' dir='ltr'>τὴν</span> <span class='ocrx_word' id='word_1_171' title='bbox 440 2548 552 2600; x_wconf 83' lang='grc' dir='ltr'>Σικελίαν</span> <span class='ocrx_word' id='word_1_172' title='bbox 570 2547 701 2618; x_wconf 75' lang='grc' dir='ltr'>ἀφικόμην,</span> <span class='ocrx_word' id='word_1_173' title='bbox 719 2547 819 2617; x_wconf 82' lang='grc' dir='ltr'>Πρόβον</span> <span class='ocrx_word' id='word_1_174' title='bbox 837 2548 890 2599; x_wconf 84' lang='grc' dir='ltr'>τινὰ</span> <span class='ocrx_word' id='word_1_175' title='bbox 907 2545 1004 2598; x_wconf 76' lang='grc' dir='ltr'>ἀκούων</span> <span class='ocrx_word' id='word_1_176' title='bbox 1021 2544 1156 2616; x_wconf 83' lang='grc' dir='ltr'>ἐλλόγιμον</span> <span class='ocrx_word' id='word_1_177' title='bbox 1175 2543 1252 2616; x_wconf 85' lang='grc' dir='ltr'>ἄνδρα</span> <span class='ocrx_word' id='word_1_178' title='bbox 1267 2547 1320 2616; x_wconf 77' lang='grc' dir='ltr'>περί</span> <span class='ocrx_word' id='word_1_179' title='bbox 1332 2547 1361 2598; x_wconf 77' lang='lat' dir='ltr'>rb</span> <span class='ocrx_word' id='word_1_180' title='bbox 1374 2547 1505 2615; x_wconf 79' lang='grc' dir='ltr'>Λιλύβαιον</span> 
     </span>
     <span class='ocr_line' id='line_1_20' title="bbox 385 2631 1506 2706; baseline -0.002 -20"><span class='ocrx_word' id='word_1_181' title='bbox 385 2634 520 2706; x_wconf 89' lang='grc' dir='ltr'>διατρίβειν.</span> <span class='ocrx_word' id='word_1_182' title='bbox 554 2633 722 2704; x_wconf 90' lang='lat' dir='ltr'>Philosophia</span> <span class='ocrx_word' id='word_1_183' title='bbox 740 2633 848 2686; x_wconf 90' lang='lat' dir='ltr'>ductum</span> <span class='ocrx_word' id='word_1_184' title='bbox 866 2633 948 2685; x_wconf 84' lang='lat' dir='ltr'>vitam</span> <span class='ocrx_word' id='word_1_185' title='bbox 963 2631 1136 2703; x_wconf 89' lang='lat' dir='ltr'>Porphyrium</span> <span class='ocrx_word' id='word_1_186' title='bbox 1154 2631 1256 2702; x_wconf 84' lang='lat' dir='ltr'>fugisse</span> <span class='ocrx_word' id='word_1_187' title='bbox 1274 2632 1407 2703; x_wconf 83' lang='lat' dir='ltr'>Ennapius</span> <span class='ocrx_word' id='word_1_188' title='bbox 1426 2633 1506 2684; x_wconf 88' lang='lat' dir='ltr'>tradit</span> 
     </span>
     <span class='ocr_line' id='line_1_21' title="bbox 384 2718 957 2789; baseline -0.002 -16"><span class='ocrx_word' id='word_1_189' title='bbox 384 2722 429 2775; x_wconf 85' lang='lat' dir='ltr'>vit.</span> <span class='ocrx_word' id='word_1_190' title='bbox 442 2720 536 2789; x_wconf 89' lang='lat' dir='ltr'>Porph.</span> <span class='ocrx_word' id='word_1_191' title='bbox 549 2738 575 2789; x_wconf 88' lang='lat' dir='ltr'>p.</span> <span class='ocrx_word' id='word_1_192' title='bbox 589 2720 620 2772; x_wconf 84' lang='lat'>14</span> <span class='ocrx_word' id='word_1_193' title='bbox 633 2720 702 2788; x_wconf 77' lang='lat'>(456.</span> <span class='ocrx_word' id='word_1_194' title='bbox 715 2718 748 2771; x_wconf 78' lang='lat'>28</span> <span class='ocrx_word' id='word_1_195' title='bbox 761 2720 801 2773; x_wconf 86' lang='lat' dir='ltr'>od.</span> <span class='ocrx_word' id='word_1_196' title='bbox 815 2718 900 2774; x_wconf 88' lang='lat' dir='ltr'>Boiss.</span> <span class='ocrx_word' id='word_1_197' title='bbox 913 2719 957 2787; x_wconf 86' lang='grc' dir='ltr'>Π).</span> 
     </span>
    </p>

    <p class='ocr_par' dir='ltr' id='par_1_7' title="bbox 384 2797 1504 3299">
     <span class='ocr_line' id='line_1_22' title="bbox 452 2797 1504 2874; baseline -0.006 -15"><span class='ocrx_word' id='word_1_198' title='bbox 452 2805 463 2838; x_wconf 71' lang='lat'><strong>²</strong></span> <span class='ocrx_word' id='word_1_199' title='bbox 479 2806 531 2859; x_wconf 83' lang='lat' dir='ltr'>vit.</span> <span class='ocrx_word' id='word_1_200' title='bbox 542 2804 609 2859; x_wconf 88' lang='lat' dir='ltr'>Plot.</span> <span class='ocrx_word' id='word_1_201' title='bbox 623 2805 647 2856; x_wconf 87' lang='grc'>6.</span> <span class='ocrx_word' id='word_1_202' title='bbox 662 2804 683 2857; x_wconf 90' lang='lat' dir='ltr'>l.</span> <span class='ocrx_word' id='word_1_203' title='bbox 694 2801 736 2854; x_wconf 86' lang='grc' dir='ltr'>Ἐν</span> <span class='ocrx_word' id='word_1_204' title='bbox 746 2802 811 2874; x_wconf 70' lang='grc' dir='ltr'>δέτῇ</span> <span class='ocrx_word' id='word_1_205' title='bbox 821 2804 920 2874; x_wconf 84' lang='grc' dir='ltr'>Σικελίᾳ</span> <span class='ocrx_word' id='word_1_206' title='bbox 929 2804 1095 2873; x_wconf 72' lang='grc' dir='ltr'>διατρίβοντος</span> <span class='ocrx_word' id='word_1_207' title='bbox 1109 2823 1156 2873; x_wconf 93' lang='grc' dir='ltr'>μου</span> <span class='ocrx_word' id='word_1_208' title='bbox 1166 2834 1199 2843; x_wconf 89' lang='grc'>-</span> <span class='ocrx_word' id='word_1_209' title='bbox 1209 2797 1285 2855; x_wconf 80' lang='grc' dir='ltr'>ἐκεῖσε</span> <span class='ocrx_word' id='word_1_210' title='bbox 1298 2801 1345 2873; x_wconf 78' lang='grc' dir='ltr'>γὰρ</span> <span class='ocrx_word' id='word_1_211' title='bbox 1359 2802 1504 2873; x_wconf 82' lang='grc' dir='ltr'>ἀνεχώρησα</span> 
     </span>
     <span class='ocr_line' id='line_1_23' title="bbox 384 2886 1503 2959; baseline -0.002 -18"><span class='ocrx_word' id='word_1_212' title='bbox 384 2890 438 2959; x_wconf 82' lang='grc' dir='ltr'>περί</span> <span class='ocrx_word' id='word_1_213' title='bbox 459 2889 488 2940; x_wconf 79' lang='grc' dir='ltr'>τὶν</span> <span class='ocrx_word' id='word_1_214' title='bbox 512 2888 726 2940; x_wconf 84' lang='grc' dir='ltr'>πεντεκαιδέκατον</span> <span class='ocrx_word' id='word_1_215' title='bbox 750 2886 802 2948; x_wconf 86' lang='grc' dir='ltr'>έτος</span> <span class='ocrx_word' id='word_1_216' title='bbox 825 2892 867 2955; x_wconf 82' lang='grc' dir='ltr'>τῆς</span> <span class='ocrx_word' id='word_1_217' title='bbox 891 2888 1013 2957; x_wconf 85' lang='grc' dir='ltr'>βασιλείας</span> <span class='ocrx_word' id='word_1_218' title='bbox 1031 2888 1153 2954; x_wconf 82' lang='grc' dir='ltr'>Γαλιηνοῦ</span> <span class='ocrx_word' id='word_1_219' title='bbox 1171 2919 1204 2927; x_wconf 93' lang='grc'><strong>-</strong></span> <span class='ocrx_word' id='word_1_220' title='bbox 1223 2886 1236 2939; x_wconf 84' lang='grc' dir='ltr'><strong>ὁ</strong></span> <span class='ocrx_word' id='word_1_221' title='bbox 1258 2889 1385 2948; x_wconf 79' lang='grc' dir='ltr'>Πλωτῖνος</span> <span class='ocrx_word' id='word_1_222' title='bbox 1409 2887 1503 2958; x_wconf 82' lang='grc' dir='ltr'>γρίιψας</span> 
     </span>
     <span class='ocr_line' id='line_1_24' title="bbox 384 2972 1503 3043; baseline -0.001 -17"><span class='ocrx_word' id='word_1_223' title='bbox 384 2974 454 3026; x_wconf 83' lang='grc' dir='ltr'>πέντε</span> <span class='ocrx_word' id='word_1_224' title='bbox 472 2974 554 3042; x_wconf 89' lang='grc' dir='ltr'>βιβλία</span> <span class='ocrx_word' id='word_1_225' title='bbox 572 2972 700 3024; x_wconf 83' lang='grc' dir='ltr'>ἀπέστειλέ</span> <span class='ocrx_word' id='word_1_226' title='bbox 716 2992 758 3043; x_wconf 92' lang='grc' dir='ltr'>μοι</span> <span class='ocrx_word' id='word_1_227' title='bbox 775 2978 865 3024; x_wconf 83' lang='grc' dir='ltr'>ταῦτα·</span> <span class='ocrx_word' id='word_1_228' title='bbox 890 2973 944 3043; x_wconf 82' lang='grc' dir='ltr'>περί</span> <span class='ocrx_word' id='word_1_229' title='bbox 962 2973 1130 3043; x_wconf 78' lang='grc' dir='ltr'>εὐδαιμονίας,</span> <span class='ocrx_word' id='word_1_230' title='bbox 1153 2992 1178 3025; x_wconf 91' lang='grc' dir='ltr'>π.</span> <span class='ocrx_word' id='word_1_231' title='bbox 1198 2973 1314 3043; x_wconf 84' lang='grc' dir='ltr'>προνοίας</span> <span class='ocrx_word' id='word_1_232' title='bbox 1334 2974 1454 3042; x_wconf 80' lang='grc' dir='ltr'>δεύτερον,</span> <span class='ocrx_word' id='word_1_233' title='bbox 1477 2992 1503 3025; x_wconf 90' lang='grc' dir='ltr'>π.</span> 
     </span>
     <span class='ocr_line' id='line_1_25' title="bbox 384 3049 1503 3129; baseline -0.002 -18"><span class='ocrx_word' id='word_1_234' title='bbox 384 3062 433 3111; x_wconf 84' lang='grc' dir='ltr'>τῶν</span> <span class='ocrx_word' id='word_1_235' title='bbox 451 3060 618 3129; x_wconf 85' lang='grc' dir='ltr'>γνωριστικῶν</span> <span class='ocrx_word' id='word_1_236' title='bbox 637 3056 795 3109; x_wconf 82' lang='grc' dir='ltr'>ὑποστάσεων</span> <span class='ocrx_word' id='word_1_237' title='bbox 813 3058 921 3109; x_wconf 72' lang='grc' dir='ltr'>καὶτῶν</span> <span class='ocrx_word' id='word_1_238' title='bbox 940 3056 1062 3127; x_wconf 76' lang='grc' dir='ltr'>ἐπέκεινα,</span> <span class='ocrx_word' id='word_1_239' title='bbox 1081 3077 1106 3110; x_wconf 95' lang='grc' dir='ltr'>π.</span> <span class='ocrx_word' id='word_1_240' title='bbox 1126 3056 1224 3128; x_wconf 83' lang='grc' dir='ltr'>ἔρωτος.</span> <span class='ocrx_word' id='word_1_241' title='bbox 1248 3059 1333 3110; x_wconf 80' lang='grc' dir='ltr'>Ταῦτα</span> <span class='ocrx_word' id='word_1_242' title='bbox 1351 3058 1394 3128; x_wconf 77' lang='grc' dir='ltr'>μὲν</span> <span class='ocrx_word' id='word_1_243' title='bbox 1407 3049 1449 3109; x_wconf 80' lang='grc' dir='ltr'>οὖν</span> <span class='ocrx_word' id='word_1_244' title='bbox 1467 3062 1503 3127; x_wconf 82' lang='grc' dir='ltr'>τῷ</span> 
     </span>
     <span class='ocr_line' id='line_1_26' title="bbox 384 3141 1502 3215; baseline -0.002 -20"><span class='ocrx_word' id='word_1_245' title='bbox 384 3144 477 3215; x_wconf 81' lang='grc' dir='ltr'>πρώτῳ</span> <span class='ocrx_word' id='word_1_246' title='bbox 495 3141 541 3195; x_wconf 87' lang='grc' dir='ltr'>ἔτει</span> <span class='ocrx_word' id='word_1_247' title='bbox 558 3149 600 3209; x_wconf 81' lang='grc' dir='ltr'>τῆς</span> <span class='ocrx_word' id='word_1_248' title='bbox 618 3143 741 3195; x_wconf 86' lang='grc' dir='ltr'>Κλαυδίου</span> <span class='ocrx_word' id='word_1_249' title='bbox 765 3143 854 3213; x_wconf 77' lang='grc' dir='ltr'>πέμπει</span> <span class='ocrx_word' id='word_1_250' title='bbox 877 3142 1009 3212; x_wconf 82' lang='grc' dir='ltr'>βασιλείας.</span> <span class='ocrx_word' id='word_1_251' title='bbox 1027 3141 1181 3214; x_wconf 83' lang='grc' dir='ltr'>Ἀρχομένου</span> <span class='ocrx_word' id='word_1_252' title='bbox 1203 3142 1229 3194; x_wconf 78' lang='grc' dir='ltr'>δὲ</span> <span class='ocrx_word' id='word_1_253' title='bbox 1247 3148 1291 3195; x_wconf 81' lang='grc' dir='ltr'>τοῦ</span> <span class='ocrx_word' id='word_1_254' title='bbox 1315 3144 1441 3213; x_wconf 90' lang='grc' dir='ltr'>δευτέρου,</span> <span class='ocrx_word' id='word_1_255' title='bbox 1463 3142 1502 3194; x_wconf 80' lang='grc' dir='ltr'>ὅτε</span> 
     </span>
     <span class='ocr_line' id='line_1_27' title="bbox 384 3224 930 3299; baseline 0.002 -19"><span class='ocrx_word' id='word_1_256' title='bbox 384 3229 424 3280; x_wconf 80' lang='grc' dir='ltr'>καί</span> <span class='ocrx_word' id='word_1_257' title='bbox 442 3230 493 3299; x_wconf 81' lang='grc' dir='ltr'>μετ’</span> <span class='ocrx_word' id='word_1_258' title='bbox 512 3224 597 3298; x_wconf 81' lang='grc' dir='ltr'>ὀλίγον</span> <span class='ocrx_word' id='word_1_259' title='bbox 617 3229 725 3298; x_wconf 71' lang='grc' dir='ltr'>θνήσκει,</span> <span class='ocrx_word' id='word_1_260' title='bbox 744 3228 834 3299; x_wconf 89' lang='grc' dir='ltr'>πέμπει</span> <span class='ocrx_word' id='word_1_261' title='bbox 851 3232 930 3280; x_wconf 80' lang='grc' dir='ltr'>ταῦτα</span> 
     </span>
    </p>

    <p class='ocr_par' dir='ltr' id='par_1_8' title="bbox 451 3311 1502 3384">
     <span class='ocr_line' id='line_1_28' title="bbox 451 3311 1502 3384; baseline -0.003 -17"><span class='ocrx_word' id='word_1_262' title='bbox 451 3313 625 3369; x_wconf 78' lang='lat' dir='ltr'>³1bid.5.1:</span> <span class='ocrx_word' id='word_1_263' title='bbox 648 3313 806 3384; x_wconf 84' lang='grc' dir='ltr'>συγγεγονὼς</span> <span class='ocrx_word' id='word_1_264' title='bbox 824 3312 851 3365; x_wconf 80' lang='grc' dir='ltr'>δὲ</span> <span class='ocrx_word' id='word_1_265' title='bbox 869 3312 938 3384; x_wconf 83' lang='grc' dir='ltr'>αὐτῷ</span> <span class='ocrx_word' id='word_1_266' title='bbox 957 3314 1083 3383; x_wconf 82' lang='lat' dir='ltr'>(Plotina)</span> <span class='ocrx_word' id='word_1_267' title='bbox 1101 3316 1175 3381; x_wconf 68' lang='grc' dir='ltr'>ποΰτό</span> <span class='ocrx_word' id='word_1_268' title='bbox 1194 3331 1220 3365; x_wconf 87' lang='grc' dir='ltr'>τε</span> <span class='ocrx_word' id='word_1_269' title='bbox 1237 3313 1266 3364; x_wconf 80' lang='lat' dir='ltr'>rb</span> <span class='ocrx_word' id='word_1_270' title='bbox 1285 3311 1338 3373; x_wconf 84' lang='grc' dir='ltr'>ἔτος</span> <span class='ocrx_word' id='word_1_271' title='bbox 1356 3314 1396 3365; x_wconf 76' lang='grc' dir='ltr'>καί</span> <span class='ocrx_word' id='word_1_272' title='bbox 1420 3312 1502 3382; x_wconf 72' lang='grc' dir='ltr'>ἐφεξῆς</span> 
     </span>
    </p>
   </div>
   <div class='ocr_carea' id='block_1_6' title="bbox 279 3397 605 3465">
    <p class='ocr_par' dir='ltr' id='par_1_9' title="bbox 279 3397 605 3465">
     <span class='ocr_line' id='line_1_29' title="bbox 279 3397 605 3465; baseline -0.006 -13"><span class='ocrx_word' id='word_1_273' title='bbox 279 3411 286 3428; x_wconf 84' lang='lat'><em>&#39;</em></span> <span class='ocrx_word' id='word_1_274' title='bbox 384 3397 449 3451; x_wconf 82' lang='grc' dir='ltr'>ἄλλα</span> <span class='ocrx_word' id='word_1_275' title='bbox 468 3397 508 3465; x_wconf 83' lang='grc' dir='ltr'>ἔτη</span> <span class='ocrx_word' id='word_1_276' title='bbox 527 3400 605 3451; x_wconf 85' lang='grc' dir='ltr'>πέντε.</span> 
     </span>
    </p>
   </div>
   <div class='ocr_carea' id='block_1_7' title="bbox 380 3483 1501 4487">
    <p class='ocr_par' dir='ltr' id='par_1_10' title="bbox 450 3483 1048 3554">
     <span class='ocr_line' id='line_1_30' title="bbox 450 3483 1048 3554; baseline -0.007 -16"><span class='ocrx_word' id='word_1_277' title='bbox 450 3485 461 3517; x_wconf 85' lang='lat'><strong>⁴</strong></span> <span class='ocrx_word' id='word_1_278' title='bbox 479 3486 573 3540; x_wconf 92' lang='lat' dir='ltr'>Plotin.</span> <span class='ocrx_word' id='word_1_279' title='bbox 592 3502 651 3539; x_wconf 90' lang='lat' dir='ltr'>eun.</span> <span class='ocrx_word' id='word_1_280' title='bbox 664 3484 688 3539; x_wconf 88' lang='lat'>3.</span> <span class='ocrx_word' id='word_1_281' title='bbox 706 3485 832 3538; x_wconf 77' lang='lat' dir='ltr'>librum2</span> <span class='ocrx_word' id='word_1_282' title='bbox 849 3502 875 3536; x_wconf 90' lang='grc' dir='ltr'>π.</span> <span class='ocrx_word' id='word_1_283' title='bbox 894 3483 1018 3554; x_wconf 88' lang='grc' dir='ltr'>προνοίας.</span> <span class='ocrx_word' id='word_1_284' title='bbox 1046 3501 1048 3503; x_wconf 89' lang='grc'><em>·</em></span> 
     </span>
    </p>

    <p class='ocr_par' dir='ltr' id='par_1_11' title="bbox 453 3570 937 3625">
     <span class='ocr_line' id='line_1_31' title="bbox 453 3570 937 3625; baseline -0.002 -2"><span class='ocrx_word' id='word_1_285' title='bbox 453 3571 464 3602; x_wconf 81' lang='lat'>⁵</span> <span class='ocrx_word' id='word_1_286' title='bbox 482 3570 521 3623; x_wconf 79' lang='lat' dir='ltr'>cf.</span> <span class='ocrx_word' id='word_1_287' title='bbox 539 3575 593 3624; x_wconf 89' lang='lat' dir='ltr'>not.</span> <span class='ocrx_word' id='word_1_288' title='bbox 609 3570 641 3622; x_wconf 82' lang='lat'>18</span> <span class='ocrx_word' id='word_1_289' title='bbox 659 3575 686 3622; x_wconf 89' lang='lat' dir='ltr'>et</span> <span class='ocrx_word' id='word_1_290' title='bbox 701 3571 747 3625; x_wconf 78' lang='lat' dir='ltr'>vit.</span> <span class='ocrx_word' id='word_1_291' title='bbox 760 3570 827 3623; x_wconf 91' lang='lat' dir='ltr'>Plot.</span> <span class='ocrx_word' id='word_1_292' title='bbox 840 3570 856 3622; x_wconf 77' lang='lat'>2</span> <span class='ocrx_word' id='word_1_293' title='bbox 867 3570 937 3622; x_wconf 90' lang='lat' dir='ltr'>med.</span> 
     </span>
    </p>

    <p class='ocr_par' dir='ltr' id='par_1_12' title="bbox 451 3653 1348 3725">
     <span class='ocr_line' id='line_1_32' title="bbox 451 3653 1348 3725; baseline 0 -17"><span class='ocrx_word' id='word_1_294' title='bbox 451 3656 462 3688; x_wconf 82' lang='lat'><strong>⁶</strong></span> <span class='ocrx_word' id='word_1_295' title='bbox 479 3655 582 3725; x_wconf 88' lang='lat' dir='ltr'>Vopisc.</span> <span class='ocrx_word' id='word_1_296' title='bbox 594 3655 664 3708; x_wconf 82' lang='lat' dir='ltr'>ritae</span> <span class='ocrx_word' id='word_1_297' title='bbox 676 3656 809 3707; x_wconf 88' lang='lat' dir='ltr'>Aureliani</span> <span class='ocrx_word' id='word_1_298' title='bbox 821 3671 876 3724; x_wconf 87' lang='lat' dir='ltr'>cap.</span> <span class='ocrx_word' id='word_1_299' title='bbox 886 3654 928 3707; x_wconf 87' lang='lat'>30.</span> <span class='ocrx_word' id='word_1_300' title='bbox 946 3653 1049 3707; x_wconf 84' lang='lat' dir='ltr'>Ruhnk.</span> <span class='ocrx_word' id='word_1_301' title='bbox 1063 3655 1094 3706; x_wconf 92' lang='lat' dir='ltr'>de</span> <span class='ocrx_word' id='word_1_302' title='bbox 1103 3655 1227 3723; x_wconf 86' lang='lat' dir='ltr'>Longino</span> <span class='ocrx_word' id='word_1_303' title='bbox 1240 3670 1295 3723; x_wconf 91' lang='lat' dir='ltr'>cap.</span> <span class='ocrx_word' id='word_1_304' title='bbox 1308 3655 1348 3709; x_wconf 86' lang='lat' dir='ltr'>ll.</span> 
     </span>
    </p>

    <p class='ocr_par' dir='ltr' id='par_1_13' title="bbox 383 3737 1501 3894">
     <span class='ocr_line' id='line_1_33' title="bbox 450 3737 1501 3809; baseline -0.004 -16"><span class='ocrx_word' id='word_1_305' title='bbox 450 3740 460 3774; x_wconf 66' lang='lat'>²</span> <span class='ocrx_word' id='word_1_306' title='bbox 480 3740 665 3795; x_wconf 82' lang='lat' dir='ltr'>Vit.Plot.19.</span> <span class='ocrx_word' id='word_1_307' title='bbox 682 3741 708 3791; x_wconf 91' lang='lat' dir='ltr'>l:</span> <span class='ocrx_word' id='word_1_308' title='bbox 732 3737 817 3800; x_wconf 86' lang='grc' dir='ltr'>Ἀξιῶν</span> <span class='ocrx_word' id='word_1_309' title='bbox 835 3737 882 3809; x_wconf 72' lang='grc' dir='ltr'>γάρ</span> <span class='ocrx_word' id='word_1_310' title='bbox 907 3757 936 3809; x_wconf 83' lang='grc' dir='ltr'>με</span> <span class='ocrx_word' id='word_1_311' title='bbox 954 3740 1113 3808; x_wconf 72' lang='lat' dir='ltr'>(Longinus)</span> <span class='ocrx_word' id='word_1_312' title='bbox 1131 3738 1181 3790; x_wconf 80' lang='grc' dir='ltr'>ἀπδ</span> <span class='ocrx_word' id='word_1_313' title='bbox 1203 3743 1245 3805; x_wconf 83' lang='grc' dir='ltr'>τῆς</span> <span class='ocrx_word' id='word_1_314' title='bbox 1263 3738 1375 3798; x_wconf 84' lang='grc' dir='ltr'>Σικελίας</span> <span class='ocrx_word' id='word_1_315' title='bbox 1397 3738 1501 3789; x_wconf 87' lang='grc' dir='ltr'>κατιέναι</span> 
     </span>
     <span class='ocr_line' id='line_1_34' title="bbox 383 3812 951 3894; baseline 0 -19"><span class='ocrx_word' id='word_1_316' title='bbox 383 3824 443 3894; x_wconf 81' lang='grc' dir='ltr'>πρδς</span> <span class='ocrx_word' id='word_1_317' title='bbox 462 3823 536 3875; x_wconf 84' lang='grc' dir='ltr'>αίτδν</span> <span class='ocrx_word' id='word_1_318' title='bbox 554 3822 585 3884; x_wconf 86' lang='grc' dir='ltr'>εἰς</span> <span class='ocrx_word' id='word_1_319' title='bbox 603 3824 646 3890; x_wconf 71' lang='grc' dir='ltr'>τὴν</span> <span class='ocrx_word' id='word_1_320' title='bbox 665 3824 782 3890; x_wconf 76' lang='grc' dir='ltr'>Φοινίκην</span> <span class='ocrx_word' id='word_1_321' title='bbox 801 3864 824 3874; x_wconf 94' lang='grc'>..</span> <span class='ocrx_word' id='word_1_322' title='bbox 948 3812 951 3818; x_wconf 82' lang='lat'>.</span> 
     </span>
    </p>

    <p class='ocr_par' dir='ltr' id='par_1_14' title="bbox 380 3908 1501 4487">
     <span class='ocr_line' id='line_1_35' title="bbox 451 3908 1501 3979; baseline 0 -18"><span class='ocrx_word' id='word_1_323' title='bbox 451 3911 461 3944; x_wconf 79' lang='lat'>⁸</span> <span class='ocrx_word' id='word_1_324' title='bbox 480 3909 554 3971; x_wconf 81' lang='lat' dir='ltr'>Quod</span> <span class='ocrx_word' id='word_1_325' title='bbox 570 3908 721 3962; x_wconf 85' lang='lat' dir='ltr'>Holsteuius</span> <span class='ocrx_word' id='word_1_326' title='bbox 739 3910 767 3961; x_wconf 92' lang='lat' dir='ltr'>iu</span> <span class='ocrx_word' id='word_1_327' title='bbox 784 3910 831 3963; x_wconf 82' lang='lat' dir='ltr'>rit.</span> <span class='ocrx_word' id='word_1_328' title='bbox 849 3908 944 3979; x_wconf 90' lang='lat' dir='ltr'>Porph.</span> <span class='ocrx_word' id='word_1_329' title='bbox 964 3908 1048 3979; x_wconf 63' lang='lat' dir='ltr'>capi</span> <span class='ocrx_word' id='word_1_330' title='bbox 1065 3908 1167 3962; x_wconf 89' lang='lat' dir='ltr'>Plotino</span> <span class='ocrx_word' id='word_1_331' title='bbox 1185 3914 1289 3963; x_wconf 89' lang='lat' dir='ltr'>mortuo</span> <span class='ocrx_word' id='word_1_332' title='bbox 1306 3908 1423 3961; x_wconf 81' lang='lat' dir='ltr'>Athenas</span> <span class='ocrx_word' id='word_1_333' title='bbox 1442 3926 1501 3961; x_wconf 89' lang='lat' dir='ltr'>enm</span> 
     </span>
     <span class='ocr_line' id='line_1_36' title="bbox 381 3993 1501 4064; baseline 0 -18"><span class='ocrx_word' id='word_1_334' title='bbox 381 3993 527 4063; x_wconf 84' lang='lat' dir='ltr'>profectum</span> <span class='ocrx_word' id='word_1_335' title='bbox 545 4009 603 4045; x_wconf 88' lang='lat' dir='ltr'>osse</span> <span class='ocrx_word' id='word_1_336' title='bbox 620 3999 721 4057; x_wconf 86' lang='lat' dir='ltr'>censet,</span> <span class='ocrx_word' id='word_1_337' title='bbox 744 4010 778 4046; x_wconf 87' lang='lat' dir='ltr'>ex</span> <span class='ocrx_word' id='word_1_338' title='bbox 796 3994 890 4047; x_wconf 83' lang='lat' dir='ltr'>Euseb.</span> <span class='ocrx_word' id='word_1_339' title='bbox 907 4011 996 4064; x_wconf 86' lang='lat' dir='ltr'>praep.</span> <span class='ocrx_word' id='word_1_340' title='bbox 1013 4010 1107 4063; x_wconf 74' lang='lat' dir='ltr'>evang.</span> <span class='ocrx_word' id='word_1_341' title='bbox 1124 3994 1162 4047; x_wconf 90' lang='lat'>10.</span> <span class='ocrx_word' id='word_1_342' title='bbox 1175 3994 1229 4063; x_wconf 79' lang='lat' dir='ltr'>ap.</span> <span class='ocrx_word' id='word_1_343' title='bbox 1242 3995 1294 4046; x_wconf 78' lang='lat'>464</span> <span class='ocrx_word' id='word_1_344' title='bbox 1310 3996 1370 4063; x_wconf 82' lang='lat' dir='ltr'>vig.</span> <span class='ocrx_word' id='word_1_345' title='bbox 1390 3995 1501 4063; x_wconf 84' lang='lat' dir='ltr'>collegit,</span> 
     </span>
     <span class='ocr_line' id='line_1_37' title="bbox 381 4076 1499 4148; baseline -0.002 -17"><span class='ocrx_word' id='word_1_346' title='bbox 381 4080 427 4131; x_wconf 94' lang='lat' dir='ltr'>ubi</span> <span class='ocrx_word' id='word_1_347' title='bbox 445 4096 478 4131; x_wconf 85' lang='lat' dir='ltr'>ex</span> <span class='ocrx_word' id='word_1_348' title='bbox 495 4077 631 4147; x_wconf 91' lang='lat' dir='ltr'>Porphyrii</span> <span class='ocrx_word' id='word_1_349' title='bbox 648 4079 739 4131; x_wconf 90' lang='lat' dir='ltr'>librol</span> <span class='ocrx_word' id='word_1_350' title='bbox 756 4082 799 4144; x_wconf 81' lang='grc' dir='ltr'>τῆς</span> <span class='ocrx_word' id='word_1_351' title='bbox 817 4078 978 4148; x_wconf 82' lang='grc' dir='ltr'>ριλολογικῆς</span> <span class='ocrx_word' id='word_1_352' title='bbox 1001 4076 1141 4147; x_wconf 81' lang='grc' dir='ltr'>ἀκροάσεως</span> <span class='ocrx_word' id='word_1_353' title='bbox 1163 4078 1228 4131; x_wconf 88' lang='lat' dir='ltr'>hacc</span> <span class='ocrx_word' id='word_1_354' title='bbox 1245 4081 1325 4132; x_wconf 82' lang='lat' dir='ltr'>verba</span> <span class='ocrx_word' id='word_1_355' title='bbox 1345 4079 1499 4132; x_wconf 81' lang='lat' dir='ltr'>afferuntur:</span> 
     </span>
     <span class='ocr_line' id='line_1_38' title="bbox 382 4160 1500 4233; baseline 0 -19"><span class='ocrx_word' id='word_1_356' title='bbox 382 4163 414 4214; x_wconf 81' lang='grc' dir='ltr'>τὰ</span> <span class='ocrx_word' id='word_1_357' title='bbox 428 4163 565 4214; x_wconf 83' lang='grc' dir='ltr'>Πλωτίνεια</span> <span class='ocrx_word' id='word_1_358' title='bbox 583 4161 668 4214; x_wconf 80' lang='grc' dir='ltr'>ἑστιῶν</span> <span class='ocrx_word' id='word_1_359' title='bbox 686 4161 750 4232; x_wconf 79' lang='grc' dir='ltr'>ἡμᾶς</span> <span class='ocrx_word' id='word_1_360' title='bbox 768 4166 889 4233; x_wconf 79' lang='grc' dir='ltr'>Λογγῖνος</span> <span class='ocrx_word' id='word_1_361' title='bbox 908 4160 1020 4228; x_wconf 76' lang='grc' dir='ltr'>Ἀθήνησι</span> <span class='ocrx_word' id='word_1_362' title='bbox 1039 4203 1062 4213; x_wconf 92' lang='grc'>..</span> <span class='ocrx_word' id='word_1_363' title='bbox 1086 4164 1127 4216; x_wconf 91' lang='lat' dir='ltr'>Ibi</span> <span class='ocrx_word' id='word_1_364' title='bbox 1142 4170 1231 4217; x_wconf 86' lang='lat' dir='ltr'>tamen</span> <span class='ocrx_word' id='word_1_365' title='bbox 1249 4170 1318 4217; x_wconf 87' lang='lat' dir='ltr'>recte</span> <span class='ocrx_word' id='word_1_366' title='bbox 1335 4179 1406 4216; x_wconf 90' lang='lat' dir='ltr'>nunc</span> <span class='ocrx_word' id='word_1_367' title='bbox 1429 4164 1500 4216; x_wconf 81' lang='lat' dir='ltr'>resti·</span> 
     </span>
     <span class='ocr_line' id='line_1_39' title="bbox 381 4246 1501 4316; baseline 0 -16"><span class='ocrx_word' id='word_1_368' title='bbox 381 4254 469 4303; x_wconf 90' lang='lat' dir='ltr'>tutum</span> <span class='ocrx_word' id='word_1_369' title='bbox 485 4266 518 4301; x_wconf 85' lang='lat' dir='ltr'>ex</span> <span class='ocrx_word' id='word_1_370' title='bbox 536 4248 610 4300; x_wconf 87' lang='lat' dir='ltr'>codd.</span> <span class='ocrx_word' id='word_1_371' title='bbox 627 4246 779 4300; x_wconf 81' lang='grc' dir='ltr'>Πλατώνεια.</span> <span class='ocrx_word' id='word_1_372' title='bbox 798 4249 883 4316; x_wconf 83' lang='lat' dir='ltr'>Atque</span> <span class='ocrx_word' id='word_1_373' title='bbox 900 4248 1015 4300; x_wconf 88' lang='lat' dir='ltr'>Platonis</span> <span class='ocrx_word' id='word_1_374' title='bbox 1033 4249 1158 4301; x_wconf 87' lang='lat' dir='ltr'>natalicia</span> <span class='ocrx_word' id='word_1_375' title='bbox 1175 4265 1191 4300; x_wconf 90' lang='lat' dir='ltr'>a</span> <span class='ocrx_word' id='word_1_376' title='bbox 1208 4254 1279 4301; x_wconf 87' lang='lat' dir='ltr'>secta</span> <span class='ocrx_word' id='word_1_377' title='bbox 1297 4251 1353 4302; x_wconf 90' lang='lat' dir='ltr'>eius</span> <span class='ocrx_word' id='word_1_378' title='bbox 1372 4251 1501 4301; x_wconf 86' lang='lat' dir='ltr'>celebrata</span> 
     </span>
     <span class='ocr_line' id='line_1_40' title="bbox 381 4332 1499 4402; baseline -0.002 -17"><span class='ocrx_word' id='word_1_379' title='bbox 381 4351 438 4386; x_wconf 87' lang='lat' dir='ltr'>esse</span> <span class='ocrx_word' id='word_1_380' title='bbox 457 4334 550 4386; x_wconf 89' lang='lat' dir='ltr'>docent</span> <span class='ocrx_word' id='word_1_381' title='bbox 567 4334 633 4386; x_wconf 91' lang='lat' dir='ltr'>Plut.</span> <span class='ocrx_word' id='word_1_382' title='bbox 647 4350 689 4402; x_wconf 89' lang='lat' dir='ltr'>qu.</span> <span class='ocrx_word' id='word_1_383' title='bbox 703 4350 788 4401; x_wconf 90' lang='lat' dir='ltr'>symp.</span> <span class='ocrx_word' id='word_1_384' title='bbox 802 4333 826 4387; x_wconf 89' lang='lat'>8.</span> <span class='ocrx_word' id='word_1_385' title='bbox 843 4333 865 4387; x_wconf 83' lang='lat'>1.</span> <span class='ocrx_word' id='word_1_386' title='bbox 885 4332 978 4401; x_wconf 89' lang='lat' dir='ltr'>Porph.</span> <span class='ocrx_word' id='word_1_387' title='bbox 990 4334 1036 4387; x_wconf 80' lang='lat' dir='ltr'>vit.</span> <span class='ocrx_word' id='word_1_388' title='bbox 1049 4334 1115 4386; x_wconf 91' lang='lat' dir='ltr'>Plot.</span> <span class='ocrx_word' id='word_1_389' title='bbox 1129 4333 1176 4388; x_wconf 72' lang='lat' dir='ltr'>af.</span> <span class='ocrx_word' id='word_1_390' title='bbox 1189 4350 1214 4385; x_wconf 85' lang='grc' dir='ltr'>ν,</span> <span class='ocrx_word' id='word_1_391' title='bbox 1226 4338 1253 4385; x_wconf 91' lang='lat' dir='ltr'>et</span> <span class='ocrx_word' id='word_1_392' title='bbox 1267 4333 1297 4385; x_wconf 83' lang='lat'>15</span> <span class='ocrx_word' id='word_1_393' title='bbox 1309 4335 1365 4386; x_wconf 91' lang='lat' dir='ltr'>init.</span> <span class='ocrx_word' id='word_1_394' title='bbox 1382 4335 1499 4386; x_wconf 82' lang='lat' dir='ltr'>Marinus</span> 
     </span>
     <span class='ocr_line' id='line_1_41' title="bbox 380 4417 1498 4487; baseline -0.002 -17"><span class='ocrx_word' id='word_1_395' title='bbox 380 4419 425 4470; x_wconf 82' lang='lat' dir='ltr'>rit.</span> <span class='ocrx_word' id='word_1_396' title='bbox 442 4419 545 4471; x_wconf 85' lang='lat' dir='ltr'>Proculi</span> <span class='ocrx_word' id='word_1_397' title='bbox 560 4436 586 4487; x_wconf 91' lang='lat' dir='ltr'>p.</span> <span class='ocrx_word' id='word_1_398' title='bbox 597 4418 639 4472; x_wconf 77' lang='lat'>56.</span> <span class='ocrx_word' id='word_1_399' title='bbox 662 4418 694 4471; x_wconf 90' lang='lat' dir='ltr'>K.</span> <span class='ocrx_word' id='word_1_400' title='bbox 707 4418 736 4472; x_wconf 75' lang='lat' dir='ltr'>F.</span> <span class='ocrx_word' id='word_1_401' title='bbox 749 4418 915 4472; x_wconf 87' lang='lat' dir='ltr'>Hermanuus</span> <span class='ocrx_word' id='word_1_402' title='bbox 932 4417 992 4469; x_wconf 88' lang='lat' dir='ltr'>hist.</span> <span class='ocrx_word' id='word_1_403' title='bbox 1008 4418 1102 4486; x_wconf 90' lang='lat' dir='ltr'>philos.</span> <span class='ocrx_word' id='word_1_404' title='bbox 1115 4418 1215 4470; x_wconf 87' lang='lat' dir='ltr'>Platon.</span> <span class='ocrx_word' id='word_1_405' title='bbox 1233 4436 1258 4487; x_wconf 89' lang='lat' dir='ltr'>p.</span> <span class='ocrx_word' id='word_1_406' title='bbox 1269 4418 1310 4470; x_wconf 82' lang='lat'>85.</span> <span class='ocrx_word' id='word_1_407' title='bbox 1333 4418 1392 4470; x_wconf 89' lang='lat' dir='ltr'>Non</span> <span class='ocrx_word' id='word_1_408' title='bbox 1411 4419 1498 4470; x_wconf 86' lang='lat' dir='ltr'>dubito</span> 
     </span>
    </p>
   </div>
   <div class='ocr_carea' id='block_1_8' title="bbox 382 4502 1392 4657">
    <p class='ocr_par' dir='ltr' id='par_1_15' title="bbox 382 4502 1392 4657">
     <span class='ocr_line' id='line_1_42' title="bbox 382 4502 1392 4572; baseline 0 -17"><span class='ocrx_word' id='word_1_409' title='bbox 382 4504 443 4571; x_wconf 91' lang='lat' dir='ltr'>quin</span> <span class='ocrx_word' id='word_1_410' title='bbox 460 4502 553 4572; x_wconf 89' lang='lat' dir='ltr'>Porph.</span> <span class='ocrx_word' id='word_1_411' title='bbox 572 4503 641 4572; x_wconf 87' lang='lat' dir='ltr'>apud</span> <span class='ocrx_word' id='word_1_412' title='bbox 657 4502 751 4555; x_wconf 83' lang='lat' dir='ltr'>Euseb.</span> <span class='ocrx_word' id='word_1_413' title='bbox 770 4503 801 4555; x_wconf 86' lang='lat' dir='ltr'>de</span> <span class='ocrx_word' id='word_1_414' title='bbox 818 4504 904 4572; x_wconf 88' lang='lat' dir='ltr'>prima</span> <span class='ocrx_word' id='word_1_415' title='bbox 921 4503 1125 4555; x_wconf 88' lang='lat' dir='ltr'>commoratione</span> <span class='ocrx_word' id='word_1_416' title='bbox 1143 4502 1297 4555; x_wconf 85' lang='lat' dir='ltr'>Atheniensi</span> <span class='ocrx_word' id='word_1_417' title='bbox 1315 4504 1392 4556; x_wconf 86' lang='lat' dir='ltr'>dicat.</span> 
     </span>
     <span class='ocr_line' id='line_1_43' title="bbox 448 4587 1026 4657; baseline -0.002 -17"><span class='ocrx_word' id='word_1_418' title='bbox 448 4589 459 4620; x_wconf 83' lang='lat'><strong>⁹</strong></span> <span class='ocrx_word' id='word_1_419' title='bbox 477 4588 577 4657; x_wconf 80' lang='lat' dir='ltr'>Eunap.</span> <span class='ocrx_word' id='word_1_420' title='bbox 591 4589 635 4641; x_wconf 85' lang='lat' dir='ltr'>vit.</span> <span class='ocrx_word' id='word_1_421' title='bbox 649 4587 742 4657; x_wconf 86' lang='lat' dir='ltr'>Porph.</span> <span class='ocrx_word' id='word_1_422' title='bbox 755 4588 785 4639; x_wconf 83' lang='lat'>17</span> <span class='ocrx_word' id='word_1_423' title='bbox 799 4588 869 4654; x_wconf 81' lang='lat'>(456.</span> <span class='ocrx_word' id='word_1_424' title='bbox 883 4588 917 4639; x_wconf 83' lang='lat'>50</span> <span class='ocrx_word' id='word_1_425' title='bbox 928 4587 1026 4655; x_wconf 81' lang='lat' dir='ltr'>Boiss.)</span> 
     </span>
    </p>
   </div>
   <div class='ocr_carea' id='block_1_9' title="bbox 0 0 1800 5400">
    <p class='ocr_par' dir='ltr' id='par_1_16' title="bbox 0 0 1800 5400">
     <span class='ocr_line' id='line_1_44' title="bbox 0 0 1800 5400; baseline 0 4"><span class='ocrx_word' id='word_1_426' title='bbox 0 0 1800 5400; x_wconf 95' lang='lat' dir='ltr'> </span> 
     </span>
    </p>
   </div>
  </div>
 </body>
</html>
