3592 5400
405 485 466 550 124
480 562 482 566 γ
897 512 989 553 ursus
1008 513 1028 555 1.

409 711 411 715 ,
515 648 674 742 Παλλάδι
690 648 715 721 δ’
727 657 874 729 εὐπήληιιι
890 656 996 747 ριόθοιι
1011 661 1062 722 καὶ
1077 649 1158 747 δῆρις
1174 657 1307 739 Ἐνυοῦς,
1333 634 1336 640 ¹

531 878 621 969 θῆρας
637 878 838 969 ὀρειονὸμους3
854 877 967 943 έλοίαν4
980 870 1120 952 Λητωίδι
1135 879 1240 968 κούρη·

407 1001 410 1006 ’
426 1032 427 1035 =
528 986 608 1079 ’Ἡρη
626 980 651 1052 δ’
663 980 818 1073 εὐκελάδῳ
835 991 976 1079 μαλαιιιδ5
991 989 1072 1077 χύσις
1086 990 1171 1080 ἠέρος
1185 996 1290 1080 ὑγρῆς·

436 1109 485 1167 45.
530 1101 602 1173 ληία
618 1091 643 1164 δ’
656 1090 771 1172 εὐαλδῆ
786 1100 904 1190 κομέειν
920 1101 1152 1190 σταχοητρόραὸ
1166 1099 1256 1174 Δηοῖ·

459 1251 468 1260 =
530 1201 616 1275 Ἴσιδι
633 1201 657 1274 δ’
670 1203 726 1274 α57
741 1191 855 1299 Φαρίη,
871 1213 1000 1301 γονίμοις
1015 1213 1097 1300 παρὰ
1111 1210 1239 1301 χεύμασι
1253 1210 1379 1292 Νείλου,

531 1320 689 1411 μαστεύειν
704 1321 878 1409 οἴστροισιν8
896 1323 944 1385 ἑὸν
959 1322 1044 1387 πόσιν
1060 1323 1150 1410 ἁβρὸν
1160 1315 1291 1410 Ὄσιριν.

467 1438 527 1498 Cur
541 1441 614 1495 haec
627 1439 683 1496 duo
699 1438 816 1495 oracula
835 1439 892 1496 huc
913 1439 1089 1509 rettulerim,
1109 1459 1138 1515 p.
1152 1441 1192 1497 40
1207 1438 1276 1498 dixi.
1306 1437 1386 1498 Sane
1407 1440 1521 1516 quidem

403 1552 440 1608 ad
454 1550 522 1609 libri
539 1548 657 1607 secundi
673 1555 874 1624 argumentum
890 1551 979 1607 verba
994 1532 1101 1632 δεσμῷ
1114 1535 1219 1618 κλήιζε
1238 1537 1351 1608 melius
1362 1552 1520 1625 quadrant:

403 1660 485 1735 atqui
499 1659 602 1717 iisdem
618 1657 747 1716 Hecatae
764 1659 887 1717 oraculis
903 1660 1098 1736 Porphyrium
1120 1633 1252 1736 pluribus
1268 1659 1340 1718 locis
1356 1680 1443 1720 usum
1458 1681 1521 1721 esse

403 1791 432 1850 p.
447 1772 485 1831 39
502 1769 625 1828 ostendi.

467 1881 543 1959 Ipsis
566 1879 676 1939 verbis:
699 1863 801 1963 δεσμῷ
825 1863 849 1936 δ’
869 1867 920 1937 οὖν
942 1865 1060 1953 κλήιζε,
1083 1887 1112 1938 et
1134 1871 1203 1946 θεήν
1225 1872 1308 1965 ἄγεις
1330 1897 1368 1964 με
1390 1889 1421 1941 et
1440 1868 1521 1952 ἔλεξε

405 1997 506 2075 σοφοῖς
517 1983 676 2073 θεορήταις
691 1997 813 2067 σημανεῖ
819 2034 828 2062 ,
844 1991 1022 2049 evocationis
1038 2009 1127 2050 causa
1136 1991 1210 2049 illud
1222 1993 1370 2049 oraculum
1382 2011 1402 2049 a
1412 1993 1521 2051 mathe-

403 2095 508 2162 matico
528 2103 651 2178 quodam
674 2120 739 2160 csse
759 2101 912 2158 confictum
919 2122 928 2172 ;
949 2102 1096 2178 Apollinis
1117 2109 1217 2159 autom·
1235 2102 1383 2160 oraculum
1404 2123 1522 2162 revera

403 2214 435 2276 iu
449 2213 612 2290 Didymaeo
628 2231 694 2273 esse
709 2212 818 2273 editum
834 2230 954 2282 censeo,
976 2213 1045 2288 quia
1065 2214 1204 2284 etheus,
1225 2231 1284 2291 quo
1297 2213 1399 2272 datum
1420 2214 1475 2285 sit,
1494 2223 1522 2272 et

404 2418 512 2470 deorum
530 2417 570 2471 14,
583 2433 608 2471 v.
619 2416 648 2481 3,
665 2422 722 2468 tum
734 2414 855 2484 Aeschyl.
873 2417 957 2470 Edon.
974 2417 1004 2469 fr.
1017 2417 1049 2469 51
1063 2419 1167 2488 aliique.
1180 2419 1329 2487 Tympana
1340 2417 1521 2489 Phrygiaeque

403 2504 482 2556 tibiae
498 2504 525 2555 in
543 2504 615 2555 cultu
632 2502 694 2555 deae
711 2500 841 2572 Phrygiae
857 2503 997 2566 solemnia3
1011 2502 1084 2568 θῆλυς
1097 2501 1183 2572 ὅμιλος
1197 2503 1345 2568 Gallorum,
1358 2504 1520 2557 sacerdotum

404 2590 460 2642 eius
474 2593 646 2642 exsectorum.
1230 2603 1233 2610 ·
1407 2618 1409 2621 -

472 2675 482 2709 ¹
501 2673 613 2740 εὗπηλικι
628 2673 682 2729 ΑΒ.
706 2673 798 2745 μοχθολ
815 2673 846 2729 D.
870 2674 949 2743 δήρεις
967 2673 998 2728 Α.
1021 2668 1105 2725 πολλὰ
1122 2674 1152 2725 δι’
1167 2672 1271 2725 rtatim
1289 2673 1367 2743 μόθον
1385 2675 1427 2727 καὶ
1446 2675 1521 2745 δηρεις

404 2757 495 2820 &octobr
506 2762 538 2813 H.
578 2780 580 2784 ’
1124 2812 1126 2816 4

473 2845 483 2878 ²
503 2843 608 2912 βαλείαις
620 2844 655 2907 Α,
674 2843 770 2912 βαλεῖαι
781 2844 812 2898 Η.
835 2844 925 2903 Βαλιός
942 2862 963 2897 s.
976 2841 1072 2913 βᾶλιος,
1090 2847 1169 2909 celer,
1186 2844 1274 2914 Eurip.
1291 2844 1331 2899 ed.
1348 2845 1430 2900 Barn.
1447 2847 1520 2916 Hipp.

405 2929 468 2993 218,
486 2928 542 2998 lph.
555 2929 586 2980 A.
599 2928 662 2993 222,
679 2928 757 2980 Rhea.
769 2928 832 2993 356,
849 2930 903 2981 Alc.
916 2929 979 2993 579,
997 2930 1106 2999 Oppiam.
1125 2946 1182 2998 eyn.
1201 2930 1224 2981 2.
1236 2929 1287 2981 314
1300 2930 1422 3000 (θηρῶν),
1439 2931 1521 2984 Noun.

404 3013 481 3067 Dion.
498 3014 521 3066 9.
536 3012 584 3065 156
596 3012 719 3082 (βαλίῃσιν
737 3011 845 3081 αὔραις),
862 3012 940 3065 Anth.
956 3013 1010 3068 Pal.
1028 3014 1052 3066 li.
1070 3014 1120 3067 326
1133 3020 1159 3067 et
1171 3016 1195 3069 7.
1208 3014 1266 3069 203.
1280 3045 1314 3055 -
1326 3015 1521 3083 βαθυσκοπέλοις

404 3098 462 3164 Fu,
476 3096 661 3167 βαθυσκοιιρίοις
673 3098 761 3150 Vossii
773 3113 872 3166 margo.
1416 3146 1419 3153 .

473 3184 484 3218 ³
503 3180 646 3254 ὀριονόρους
659 3184 713 3237 ΑΗ,
868 3185 879 3217 ⁴
895 3184 942 3237 Sic
955 3184 1037 3237 Gaisi.
1050 3201 1084 3236 ex
1096 3185 1166 3238 AHV
1176 3202 1223 3254 pro
1236 3182 1321 3237 ἐλάαν.
1420 3190 1423 3194 ’

473 3270 483 3303 ⁵
501 3270 571 3323 Fort.
584 3285 634 3323 scr.
648 3268 751 3338 μαλερη.
763 3299 796 3308 -
808 3268 896 3320 Εὐκελ.
907 3278 1013 3341 propter
1024 3271 1167 3324 imbromm
1178 3271 1324 3339 strepitum.
1343 3270 1425 3340 Orph.
1436 3272 1522 3341 hymn

404 3356 431 3409 in
447 3355 538 3409 lunon.
558 3355 588 3407 16
606 3354 661 3423 (15)
680 3371 704 3409 v.
726 3353 845 3423 8ἠερίοις
868 3353 962 3425 ροίζησι
984 3355 1145 3425 τινασσομένη
1167 3352 1230 3406 κατὰ
1250 3360 1340 3425 χεῦμα.
1375 3356 1443 3410 lbid.
1464 3374 1488 3412 v.
1506 3356 1522 3409 3

404 3440 577 3511 ψυχοτρόροος
595 3439 671 3510 αὔρας
689 3440 784 3505 θνητοῖς
802 3439 948 3510 παρέχουσα
965 3444 1108 3510 προσηνεῖς,
1127 3435 1228 3509 ὄμβρων
1246 3438 1289 3509 μὲν
1308 3442 1404 3509 μήτηρ,
1429 3439 1521 3510 ἀνέμων

403 3525 486 3596 τροφέ.
510 3526 541 3580 V.
559 3526 587 3577 6:
607 3528 728 3585 κοινωνεῖς
747 3521 794 3594 γὰρ
813 3524 888 3576 ἅπασι
907 3527 1042 3595 κεκραμένη
1060 3524 1112 3594 ἠέρι
1130 3530 1221 3594 σεμνῷ.
1244 3525 1286 3577 Ex
1302 3525 1450 3596 Porphyrio
1467 3529 1522 3597 ipso

404 3627 430 3680 p.
441 3610 474 3663 32
487 3612 573 3663 attuli:
590 3610 631 3661 καλ
643 3614 686 3661 τοῦ
700 3608 743 3678 μὲν
756 3609 846 3670 παντὸς
860 3608 929 3679 ἀέρος
942 3609 958 3675 ἡ
971 3611 1071 3680 δύναμις
1083 3608 1151 3679 Ἥρα
1162 3609 1279 3678 τοῦνομα.
1303 3610 1345 3663 Ita
1361 3611 1412 3664 hoc
1430 3629 1522 3666 nomeu

403 3698 458 3749 iam
475 3695 556 3749 Stoici
573 3696 775 3765 explicaverunt.
803 3695 906 3763 Regina
918 3696 983 3747 caeli
994 3696 1115 3764 levisque
1132 3695 1215 3764 pluvii
1228 3712 1297 3747 uxor
1313 3696 1444 3751 imbribus
1463 3715 1522 3768 quo·

404 3797 455 3849 que
466 3782 593 3850 imperare
605 3780 748 3832 videbatur.
766 3780 806 3832 Ita
817 3781 931 3833 Iunones
943 3779 1132 3850 Spartanorum
1142 3777 1277 3849 οἰγορᾶγος
1287 3796 1318 3832 ac
1330 3780 1522 3838 Corinthiorum

404 3864 493 3934 ἀκραία
504 3870 530 3915 et
541 3866 783 3933 pluviorum‘causa
794 3865 983 3918 invocabantur
999 3866 1148 3934 et‘capriuis
1162 3864 1296 3916 sacrificiis
1314 3864 1521 3921 honorabantur:

404 3964 496 4017 capras
509 3954 597 4000 autem
608 3949 756 4017 pluviarum
768 3951 845 4019 signa
857 3967 915 4003 esse
928 3956 954 4003 et
965 3950 998 4003 ad
1010 3951 1112 4020 pluvios
1125 3954 1346 4018 tempestatesque
1359 3952 1440 4006 etiam
1448 3953 1522 4006 luno·

403 4034 445 4085 uis
459 4049 564 4084 currum
576 4038 653 4101 atque
665 4049 739 4086 arma
749 4036 878 4103 pertinere
892 4034 1041 4088 Gerhardus
1052 4036 1065 4088 I
1076 4053 1102 4105 p.
1117 4034 1165 4087 194
1173 4050 1213 4104 sq.
1227 4040 1254 4086 et
1264 4034 1394 4089 Prellerus
1406 4037 1428 4089 1.
1439 4054 1466 4108 p.
1477 4037 1520 4090 111

404 4133 444 4187 eq.
458 4116 679 4185 mythologiarum
693 4118 783 4172 Gracc.
797 4126 912 4172 censent.

472 4204 483 4237 ⁶
502 4202 545 4255 sio
557 4201 671 4255 AHGFG
683 4220 730 4272 pro
744 4205 922 4275 σιαχυιτρόρα.

471 4288 482 4323 ²
498 4286 556 4340 'reri'
570 4282 600 4339 at
612 4288 647 4356 A,
666 4285 710 4339 εἰσὶ
723 4288 745 4338 δ’
755 4282 785 4339 αὖ
797 4288 829 4341 Η.
846 4287 954 4353 Pharia,
973 4290 1034 4358 quia
1050 4290 1078 4342 in
1089 4288 1174 4343 Pharo
1186 4289 1426 4344 Alexandrinorum
1437 4292 1521 4346 insula

403 4374 532 4443 imprimis
547 4374 688 4427 colebatur.

473 4460 483 4493 ⁸
502 4460 624 4529 μαντεύειν
635 4457 756 4529 οἴστρησιν
765 4458 819 4510 ΑΗ.
833 4453 949 4526 ἄστροισιν
960 4457 1033 4513 OFG.
1055 4461 1165 4514 Dativus
1174 4476 1208 4513 ex
1217 4476 1267 4515 usu
1275 4465 1427 4531 temporum
1436 4466 1520 4532 poste-

404 4542 514 4597 riorum:
526 4544 698 4616 perlatores,
710 4542 852 4599 iruibunda
862 4544 943 4600 luctu.
957 4569 960 4573 Α
