3592 5400
406 532 469 597 212
811 542 1057 588 Δοιιιταιιιιιισοιι
1076 542 1121 586 ιιι.
1192 558 1195 567 -

406 724 466 765 ται.
503 697 580 768 αὐτη
601 687 635 759 δὲ
654 700 674 766 ἡ
696 699 727 760 ἐν
746 703 791 775 τῷ
813 691 888 775 λίθῳ
909 691 997 756 εἰκὼν
1011 690 1185 780 πολεμούσῃ
1199 711 1236 752 τε
1250 691 1301 752 καὶ
1315 689 1353 752 τό
1369 680 1442 779 δόρυ
1457 693 1532 753 ἀνα-

406 808 544 892 τεινούοη
566 809 622 872 άτε
641 809 671 881 ἐς
691 796 843 892 ξυμβολὴν
863 809 949 866 ἔοικε·
963 792 1079 890 ποδήρη
1096 792 1130 865 δέ
1144 802 1195 863 καὶ
1209 804 1249 875 ὣς
1261 800 1317 863 τόν
1330 810 1448 888 χιτῶνα
1462 805 1530 888 ἐχει

407 920 444 984 τό
460 910 493 982 δὲ
507 917 665 1007 πρόσωπον
681 918 715 978 οὐ
733 924 798 988 τοῖς
818 910 1005 986 Ἑλληνικοῖς
1025 909 1181 1001 ἀγάλμασι
1195 920 1251 985 τῆς
1265 907 1392 1001 Ἀθηνοῖς
1406 909 1531 999 ἐμφερές

407 1035 502 1110 ἐστιν,
518 1025 585 1091 ἀλλ’
600 1021 650 1090 οῖα
663 1023 838 1089 παντάπασι
852 1022 894 1102 τό,
903 1022 1033 1104 παλαιόυ
1047 1019 1205 1109 Αἰγύπτιοι
1219 1022 1347 1086 ἐποίουν.
1371 1012 1531 1096 Βυζάντιοι

409 1131 442 1204 δέ
463 1162 536 1227 ροισι
555 1137 590 1200 τό
612 1133 739 1225 ἄγαλμα
757 1142 849 1197 τοῦτο
870 1132 1097 1197 Κωνοταντῖνον
1118 1129 1244 1214 βασιλέα
1263 1131 1295 1194 ἐν
1313 1141 1355 1215 τῇ
1374 1133 1489 1219 ἀγορᾷ,
1510 1135 1530 1200 ἢ

409 1253 503 1313 αὐτοῦ
519 1245 673 1334 ἐπώνυμός
687 1249 764 1323 ἐστι,
780 1237 989 1332 κατορύξαντα
1004 1239 1113 1305 θέσθαι.
1141 1245 1371 1323 olympiodorus
1386 1247 1417 1304 in
1432 1246 1530 1308 Photii

409 1365 480 1425 bibl.
497 1384 526 1441 p.
544 1365 593 1432 60,
611 1342 649 1420 2'3
671 1361 781 1419 Bekk.:
803 1354 849 1416 ότι
870 1357 885 1415 ό
907 1352 1051 1441 ἱστορικός
1071 1372 1141 1439 φησι
1159 1351 1241 1439 παρά
1261 1349 1434 1439 Οὐαλερίου
1453 1350 1530 1424 τινός

408 1479 470 1533 τῶν
490 1466 642 1555 ἐπισήμων
657 1468 783 1528 ἀκοῦσαι
803 1464 869 1552 περὶ
888 1454 1072 1549 ἀνδριάντων
1093 1465 1228 1551 ἀργυρῶν
1246 1460 1474 1550 τετελεσμένων
1493 1467 1530 1536 είς

410 1577 566 1668 βαρβάρων
586 1574 791 1653 ἀποκώλυσιν,
812 1576 842 1636 ἐν
864 1573 921 1662 γάρ
941 1583 1009 1646 ταῖς
1028 1571 1163 1660 ἡμέραις,
1190 1572 1274 1658 φησί,
1301 1569 1529 1635 Κωνσταντίνου

381 1696 382 1699 ’
409 1698 465 1751 τοῦ
482 1684 626 1772 βασιλέως
641 1689 671 1749 ἐν
687 1695 726 1768 τῇ
741 1682 850 1771 Θρᾴκη
866 1680 1037 1770 Οὐαλερίου
1052 1679 1194 1770 ἄρχοντος
1206 1681 1327 1769 μήνυσις
1341 1681 1478 1771 γέγονεν,
1493 1686 1530 1756 ὡς

412 1796 557 1885 θησαυρός
574 1791 712 1884 εὑρεθείη.
731 1823 734 1827 ·
750 1791 916 1881 Οὐαλέριος
939 1782 1073 1879 δὲπαρά
1093 1791 1147 1854 τόν
1171 1791 1266 1854 τόπον
1290 1792 1530 1881 παραγενόμενος

411 1905 553 1998 μανθάνει
567 1905 650 1992 παρά
664 1914 724 1968 τῶν
739 1904 901 1991 ἐπιχωρίων
916 1901 992 1990 ἱερόν
1008 1898 1082 1964 εἶναι
1096 1901 1150 1964 τόν
1165 1901 1275 1982 τόπον,
1295 1901 1347 1964 καὶ
1361 1893 1395 1976 ἐξ
1410 1903 1531 1990 ἀρχαίας

409 2022 536 2092 τελετῆς
555 1985 732 2103 ἀνδριάντάς
746 2017 778 2077 ἐν
797 2016 882 2094 αὐτῷ
903 2009 1084 2100 ἀριερῶσθαι
1099 2060 1124 2074 ..
1140 2009 1351 2099 ἀνορυχθέντος
1364 2013 1464 2074 τοίνυν
1477 2021 1530 2075 τοῦ

410 2128 507 2194 τόπου
522 2127 706 2215 εὐρίοκονται
720 2133 799 2212 τρεῖς
814 2113 986 2209 ἀνδριάντες
1001 2111 1037 2183 δι’
1053 2122 1125 2184 ὅλου
1140 2112 1173 2195 ἐξ
1188 2121 1316 2211 ἀργύρου
1327 2121 1531 2211 πεποιημένοι,

400 2220 442 2303 ’ἐν
457 2238 589 2327 σχιίματι
606 2237 774 2322 βαρβαρικῷ
790 2232 1000 2319 κατακείμενοι
1015 2232 1065 2294 καὶ
1080 2222 1328 2320 ἐξηγκωνισμένοι
1342 2230 1411 2297 κατ’
1423 2235 1532 2321 ἀμφοῖν

410 2359 480 2411 ταῖν
494 2357 607 2435 χεροῖν,
622 2333 810 2432 ἐνδεδυμένοι
827 2332 859 2406 δὲ
875 2339 1022 2429 βάρβαρον
1037 2338 1165 2421 ἐσθῆτα,
1180 2343 1232 2406 καὶ
1246 2350 1401 2430 κομῶντες
1414 2342 1471 2418 τάς
1481 2365 1532 2406 κε-

412 2454 525 2548 ραλάς,
546 2455 681 2528 νεύοντες
700 2454 748 2518 ἐπὶ
766 2452 803 2516 τό
823 2455 959 2541 ἀρκτῶον
971 2450 1080 2540 μέρος,
1100 2450 1239 2515 τουτέστι
1253 2451 1335 2517 κατὰ
1348 2462 1405 2516 τοῦ
1422 2455 1532 2543 βαρβα-

412 2576 494 2658 ρικοιῖ
509 2567 613 2656 χώρου·
636 2560 678 2629 ὧν
689 2554 872 2652 ἀνδριάντων
887 2559 1120 2649 ἀναληφθέντων
1131 2560 1273 2650 πάραυτα
1287 2565 1338 2626 καὶ
1349 2563 1416 2652 μετ’
1432 2566 1533 2653 ὀλίγας

410 2677 523 2768 ἡμέρας
536 2687 654 2767 πρῶτον
671 2673 723 2767 μέν
743 2674 780 2739 τό
796 2671 919 2738 Γότθων
934 2670 1016 2749 ἐθνος
1035 2682 1135 2737 πᾶσαν
1155 2672 1302 2762 ἐπιτρέχει
1319 2674 1376 2746 την
1395 2672 1530 2765 Θρᾴκην,

410 2793 521 2877 ἔμελλε
538 2778 571 2852 δὲ
586 2789 689 2877 μικρόν
704 2786 826 2873 ὕστερον
840 2787 891 2848 καὶ
904 2785 942 2848 τό
956 2793 1018 2847 τῶν
1030 2782 1155 2848 Οόννων
1170 2785 1222 2849 καὶ
1235 2784 1272 2847 τό
1287 2794 1349 2848 τῶν
1360 2784 1531 2875 Σαρματῶν

411 2887 672 2985 καταδραμεῖσθαι
691 2895 728 2959 τό
747 2919 783 2959 τε
805 2893 962 2985 Ἰλλυρικόν
982 2895 1034 2958 καὶ
1053 2894 1148 2966 αὐτὴν
1166 2894 1222 2966 τάν
1243 2893 1378 2983 Θρᾴκην
1398 2900 1431 2960 ἐν
1451 2894 1530 2987 μέσῳ

411 3006 469 3096 γάρ
485 3008 578 3079 αὐτῆς
592 3026 628 3068 τε
638 3004 762 3092 Θρᾴκης
777 3006 828 3067 καὶ
840 3015 896 3067 τοῦ
913 3003 1072 3093 Ἰλλυρικοῦ
1092 2997 1250 3068 κατέκειτο
1268 3005 1311 3069 τά
1320 3016 1381 3081 τῆς
1394 2998 1530 3085 τελετῆς,

412 3116 463 3178 καὶ
475 3114 563 3198 ἐῴκει
577 3124 637 3177 τῶν
651 3123 740 3203 τριῶν
755 3104 938 3203 ἀνδριάντων
953 3118 969 3177 ό
985 3114 1107 3204 ἀριθμός
1117 3114 1198 3178 κατά
1208 3115 1320 3190 παντός
1331 3114 1435 3194 ἔθνους
1447 3140 1530 3181 τετε·

411 3223 515 3289 λέσθαι
529 3223 687 3314 βαρβάρου.
701 3231 748 3289 Ιῖο
756 3228 965 3308 Olympiodoro
976 3239 1094 3290 auctore
1105 3232 1210 3307 ibid.p‚
1219 3230 1529 3311 58,22Bekk.Rhegii

412 3334 539 3426 ἄγαλμα
556 3335 771 3423 τετελεσμένον
791 3334 949 3425 ἱστάμενον
970 3336 1104 3401 ἐκώλυσε
1124 3335 1181 3406 τόν
1194 3327 1483 3427 περαίωσινΔΙαιὶαἰ
1501 3343 1527 3401 in

412 3451 554 3511 Siciliam.
590 3446 751 3510 τετέλεστο
768 3437 818 3527 δέ,
835 3452 874 3522 ὡς
889 3444 1066 3536 μυθολογεῖ,
1086 3445 1168 3534 παρά
1181 3455 1242 3509 τῶν
1257 3448 1388 3535 ἀρχαίων
1403 3447 1527 3537 ἀποτρό-

410 3555 499 3619 παιόν
518 3578 553 3619 τε
571 3565 626 3619 τοῦ
647 3558 707 3621 ἀπό
729 3567 783 3630 τῆς
798 3555 907 3632 Αἴτνης
927 3557 1018 3644 πυρός
1037 3556 1088 3619 καὶ
1101 3556 1176 3645 πρός
1187 3555 1316 3620 κώλυσιν
1329 3550 1467 3648 παρόδου
1482 3550 1527 3622 διά

412 3664 563 3740 θαλάσσης
584 3666 752 3756 βαρβάρων·
772 3671 804 3732 ἐν
823 3667 880 3757 γάρ
900 3676 945 3749 τῷ
966 3667 1008 3730 ἑνὶ
1025 3657 1097 3730 ποδὶ
1115 3677 1173 3753 πῦρ
1191 3667 1357 3757 ἀκοίμητον
1377 3669 1526 3760 ἐτόγχανε,

411 3778 462 3839 καὶ
476 3779 507 3839 ἐν
520 3784 565 3857 τῷ
581 3774 673 3858 ἑτέρῳ
695 3767 772 3866 ὕδωρ
793 3767 990 3866 ἀδιάφθορον,
1010 3770 1045 3839 οὗ
1065 3775 1286 3852 καταλυθέντος
1304 3778 1430 3868 ὕστερον
1450 3787 1484 3844 ἐκ
1496 3799 1526 3841 τε

411 3892 466 3945 τοῦ
479 3882 619 3946 Αἰτναίου
632 3887 723 3973 πυρός
737 3888 788 3949 καὶ
801 3891 836 3950 ἐκ
849 3896 912 3949 τῶν
927 3886 1082 3973 βαρβάρων
1097 3886 1212 3971 βλάβας
1226 3888 1384 3961 ηΣικελία
1398 3881 1526 3965 ἐδέξατο.

413 3985 597 4079 κατέστρεψε
613 3982 647 4056 δὲ
661 3995 697 4057 τό
713 3992 839 4084 ἄγαλμα
854 3995 1047 4078 Ἀσκληπιός,
1068 4000 1084 4060 ὐ
1103 4007 1165 4061 τῶν
1183 4003 1215 4063 ἐν
1228 3997 1354 4082 Σικελίᾳ
1368 4000 1526 4090 κτημάτων

411 4102 626 4167 Κωνσταντίου
641 4104 692 4166 καὶ
705 4095 874 4181 Πλακιδίας
889 4098 1042 4182 διοικητὴς
1053 4107 1215 4185 καταστάς.
1241 4116 1331 4175 Tales
1342 4117 1526 4177 barbarorum

412 4228 524 4279 statuas
540 4219 628 4277 etiam
643 4219 764 4278 Nicetas
780 4219 872 4280 Chon.
889 4223 926 4280 de
941 4225 1045 4283 statuis
1061 4226 1079 4283 5
1096 4218 1136 4301 (p.
1152 4228 1187 4284 ll
1206 4220 1362 4306 Wilkenii)
1377 4228 1525 4296 describit3

412 4332 450 4389 id.
467 4351 535 4389 ann.
552 4331 618 4389 libr.
636 4332 653 4389 5
669 4331 733 4388 init.
749 4332 915 4389 Manuelem
931 4332 1110 4393 Comnenum
1130 4336 1221 4394 ondit
1239 4337 1362 4395 duarum
1383 4338 1440 4397 fori
1455 4338 1526 4398 Con-

412 4442 662 4517 stantinopolitani
675 4450 835 4501 statuarum
848 4446 1070 4503 commutavisse
1082 4446 1222 4517 ordinem,
1239 4441 1372 4530 οἰόμενος
1382 4443 1424 4505 τά
1434 4442 1525 4531 τράχ-

413 4567 496 4632 ματα
516 4545 556 4608 τά
576 4546 628 4631 μὲν
649 4544 805 4636 Ῥωμαίων
826 4549 1028 4636 μετεωρίσειν,
1048 4550 1089 4613 τά
1110 4540 1144 4614 δὲ
1163 4560 1225 4614 τῶν
1241 4550 1405 4616 Παννόνων
1425 4551 1524 4617 καθαι-
