3592 5400
836 506 928 549 mnan
948 508 981 550 u.
1406 493 1467 558 149

341 650 425 727 οἶκος
440 641 476 716 δὲ
489 661 547 728 πᾶς
566 652 701 741 μεστίςῑ,
721 655 772 717 καὶ
792 644 843 718 dt&
862 663 955 719 τοῦτο
975 653 1238 744 προκαθαίρουσιί,
1259 662 1311 724 καὶ
1330 662 1467 745 ἀποβάλ-

341 768 429 828 λουσι
443 762 597 842 τούτουςῧ,
613 764 686 827 ὅταν
702 762 770 828 θεὸν
784 770 991 829 taenaron,
1007 769 1058 829 καὶ
1068 767 1109 831 rel
1120 768 1249 858 σώματα
1260 772 1357 835 τοίνυν
1369 774 1467 862 ριεστά

343 874 423 939 ἀπὸ4
447 872 580 938 τούτων·
606 877 657 938 καὶ
682 875 757 965 γσὶρ5
783 875 918 964 μάλιστα
942 888 1010 952 ταῖς
1034 879 1152 953 ποιοιῖς6
1176 892 1301 969 τροφαῖς
1325 885 1466 972 χαίρουσι

343 985 528 1075 σιτουμένων
547 986 605 1075 γάρ
624 992 709 1076 ἡμῶν
729 989 864 1074 προσίασι
884 991 936 1052 καὶ
954 981 1162 1077 προσιζάνουσι
1181 1001 1226 1073 τῷ
1250 993 1395 1081 σώρατιῗ,
1416 997 1467 1059 καὶ

345 1087 395 1161 tet
413 1105 508 1160 τοῦτο
529 1101 560 1161 αἱ
580 1099 724 1186 eperat,
745 1101 780 1160 οὐ
801 1087 852 1161 dt&
870 1100 940 1174 τοὺς
961 1097 1046 1174 θεοὺς
1064 1103 1328 1192 προσηγουρένως,
1351 1105 1418 1168 ἀλλ’
1433 1105 1466 1168 ἵν’

344 1203 427 1272 οὗτοι
447 1211 609 1271 ἀποστῶσι
632 1208 765 1296 μάλιστα
781 1199 941 1297 l'at'pavtt
955 1212 1088 1298 χαίρουσι
1110 1213 1162 1275 καὶ
1175 1223 1243 1288 ταῖς
1263 1212 1466 1304 ἀκαθαρσίαις,

344 1321 397 1383 καί
409 1318 597 1383 ἀπολαύουσι
611 1319 737 1397 τούτων,
754 1309 936 1396 εἰσδύνοντες
949 1332 1013 1396 τοῖς
1028 1322 1195 1411 γρωριένοις.
1216 1325 1293 1399 ὅλως
1304 1326 1361 1414 γὰρ
1373 1330 1391 1396 ἡ
1404 1328 1466 1390 ἐπί·

343 1431 460 1504 τοισις10
473 1439 528 1504 τῆς
538 1430 610 1517 πρός
621 1455 651 1493 τι
663 1428 831 1517 ἐπιθυμίας»,
844 1433 894 1494 καὶ
909 1436 994 1502 arou
1006 1432 1176 1522 πνευματος
1186 1444 1241 1508 τῆς
1253 1426 1376 1522 ὀρέξεως
1388 1437 1463 1524 ὁρμὴ

343 1537 514 1627 ἀλλαχόθεν
534 1544 569 1602 οὐ
590 1531 786 1629 σροδρύνεται
804 1539 824 1612 ἢ
845 1546 880 1606 ἐκ
898 1553 954 1617 τῆς
971 1542 1089 1607 τούτων
1108 1546 1283 1632 παρουσίας·
1307 1552 1336 1608 ol
1354 1547 1405 1608 καὶ
1426 1551 1465 1620 εἰς

343 1751 422 1804 supra
439 1733 524 1802 Ρ.,136
534 1751 592 1803 sqq.
610 1736 789 1803 prodiderunt;
812 1755 906 1790 manus
930 1739 963 1789 ab
985 1739 1030 1802 iis,
1054 1740 1098 1808 qui
1121 1738 1197 1791 hodie
1220 1740 1247 1790 in
1265 1739 1385 1809 Aegypto
1404 1739 1463 1791 dae·

342 1820 466 1872 monibus
479 1819 604 1888 pellendis
617 1827 722 1884 vacent,
741 1821 790 1874 huc
808 1824 868 1875 illuc
885 1840 931 1891 per
949 1839 1035 1874 aerem
1053 1824 1151 1875 moveri
1168 1824 1296 1878 dicuntur.
1333 1824 1382 1887 Qui
1396 1825 1465 1876 eius·

342 1905 414 1957 modi
432 1905 497 1955 ritus
516 1905 630 1974 antiquis
649 1908 785 1975 Aegyptiis
804 1909 914 1971 luerint,
933 1909 1020 1975 legere
1039 1925 1080 1959 me
1098 1926 1152 1960 uon
1170 1909 1285 1962 memini.

411 1991 497 2042 6Ηυο
515 1989 678 2059 Augustinus
697 1992 728 2043 de
747 1994 794 2044 civ.
814 1993 854 2044 dei
870 1993 909 2044 10.
922 1993 953 2044 ‘21
972 1995 1091 2062 respicit:
1116 2034 1161 2057 ,..
1179 1993 1350 2062 Porphyrius,
1372 2011 1464 2062 quam·

342 2079 379 2129 vis
400 2093 455 2128 non
473 2093 506 2127 ex
525 2092 574 2128 sua
591 2079 732 2140 sententia,
751 2078 797 2130 sed
816 2095 850 2131 ex
868 2080 993 2143 aliorum,
1012 2080 1110 2130 bonum
1129 2078 1191 2130 dicit
1208 2078 1286 2130 deum
1300 2080 1342 2132 vel
1356 2081 1464 2148 genium

341 2180 392 2215 uon
410 2162 500 2213 venire
518 2160 707 2226 inhominem,
725 2164 776 2214 nisi
794 2164 879 2215 malus
896 2164 975 2215 luerit
992 2171 1052 2215 ante
1070 2165 1213 2233 placatus.“

410 2248 418 2279 ¹
437 2247 532 2298 Plenus
551 2246 717 2299 daemonum.
787 2250 797 2281 ²
816 2249 923 2301 Domos.
992 2249 1175 2301 ³Daemones

408 2333 418 2366 ⁴
437 2333 491 2383 Aut
508 2332 652 2384 tollendum
675 2331 737 2401 ἀπό,
760 2341 805 2386 aut
823 2336 990 2387 scribendum
1009 2334 1105 2386 ἅπαντα
1122 2336 1163 2386 rel
1185 2336 1237 2387 tale
1260 2335 1330 2403 quid.
1345 2367 1378 2374 -
1394 2336 1463 2388 Haec

340 2425 364 2470 et
383 2434 451 2487 quae
470 2423 615 2485 sequuntur
630 2420 801 2471 Marsilius
814 2420 948 2472 Ficinus
967 2422 1000 2472 ad
1011 2421 1077 2475 Plot.
1091 2422 1118 2472 in
1131 2437 1190 2472 enn.
1203 2420 1227 2472 3.
1244 2420 1265 2474 l.
1280 2421 1312 2472 10
1330 2420 1398 2490 (pag.
1411 2420 1463 2473 403

340 2503 471 2570 Greuzeril
490 2504 621 2555 enarravit
636 2506 723 2573 potius
748 2522 826 2573 quam
843 2507 934 2556 vertit:
958 2507 1032 2557 cuius
1050 2506 1129 2556 verba
1146 2506 1204 2573 ipsa
1221 2503 1314 2568 affero,
1337 2513 1367 2557 ut
1384 2522 1463 2574 appa·

339 2596 406 2652 reat,
424 2588 495 2640 haud
512 2594 581 2641 recte
599 2590 784 2658 aquibusdam
802 2592 913 2656 censeri,
932 2592 1100 2658 integriorem
1111 2588 1249 2658 Porphyrii
1265 2589 1360 2641 librum
1373 2590 1462 2643 Ficino

337 2676 419 2729 fuisse
439 2691 518 2744 quam
536 2675 625 2739 nobie,
643 2681 669 2727 et
686 2681 716 2727 ut
733 2675 929 2744 intellegamus,
948 2676 1074 2745 numquid
1092 2675 1166 2727 aliter
1183 2675 1309 2743 scriptum
1327 2676 1462 2729 invenerit.

337 2763 381 2814 nit
404 2762 497 2830 igitur:
526 2776 591 2829 quae
616 2761 682 2824 dixi,
712 2778 743 2825 ,a
765 2760 908 2829 Porphyrio
930 2763 958 2813 in
980 2763 1053 2814 libris
1077 2761 1108 2813 de
1131 2761 1243 2812 oraculis
1267 2761 1462 2816 confirmantur.

338 2847 418 2909 Sunt,
445 2846 542 2914 inquit,
570 2862 678 2915 corpora
700 2846 836 2898 hominum
859 2847 984 2915 malignis
1004 2849 1083 2916 plena
1105 2846 1288 2910 daemonibus,
1310 2848 1463 2914 praesertim

337 2934 457 2994 illorum,
481 2932 526 2999 qui
547 2932 631 2999 epulis
654 2932 907 2985 delicatioribus
929 2933 1029 2988 vivunt.
1070 2931 1271 2985 Gomedentibus
1295 2932 1365 2984 enim
1386 2933 1462 2985 nobis

338 3018 482 3070 adveniunt
498 3022 525 3067 et
541 3015 676 3069 inhaerent
694 3019 806 3086 corpori:
829 3019 924 3070 idcirco
948 3020 1074 3075 ieiunium
1099 3025 1123 3071 et
1148 3019 1255 3070 castitas
1272 3019 1388 3071 maximo
1407 3019 1462 3071 lau·

338 3101 447 3165 dantur,
470 3118 524 3153 non
547 3102 608 3169 quia
631 3105 734 3171 proprie
758 3102 821 3155 deus
845 3106 930 3156 bonus
948 3106 985 3156 ita
1007 3106 1138 3174 placetur,
1162 3104 1208 3156 sed
1231 3110 1259 3155 ut
1276 3105 1399 3157 recedant
1415 3106 1461 3170 illi,

338 3190 384 3258 qni
402 3188 534 3254 sanguine
552 3192 577 3237 et
594 3188 760 3240 immunditia
777 3190 935 3256 gaudentes,
955 3195 984 3240 ut
1000 3189 1040 3241 his
1056 3190 1119 3258 ipsis
1139 3206 1242 3257 quoque
1258 3189 1388 3253 truantur,
1408 3208 1462 3242 cor·

336 3290 403 3343 pora
421 3274 637 3341 voluptuosorum
655 3274 844 3341 ingrediuntur.
882 3274 991 3325 Constat
1014 3276 1084 3326 enim
1101 3273 1282 3326 vehementem
1304 3275 1462 3326 caducarum

337 3376 425 3411 rerum
448 3358 616 3425 cupiditatem
638 3363 664 3409 et
685 3359 818 3410 libidinosi
841 3360 948 3427 spiritus
971 3360 1098 3427 impetum
1118 3376 1172 3410 non
1190 3357 1307 3420 aliunde,
1331 3375 1410 3427 qnam
1428 3376 1462 3411 ex

336 3445 516 3512 malignorum
529 3442 684 3496 daemonum
701 3445 849 3513 praesentia
860 3444 970 3495 nimium
981 3445 1150 3495 incalescere:
1169 3459 1247 3511 quare
1265 3459 1324 3494 cum
1337 3444 1461 3511 appetitio

336 3529 518 3582 vehementius
536 3528 701 3581 inflammata
718 3536 768 3593 est,
793 3535 818 3580 et
835 3530 977 3597 voluptatis
995 3529 1071 3581 ardor
1089 3528 1206 3579 animum
1224 3528 1261 3579 sic
1279 3529 1410 3596 exagitat,
1433 3536 1462 3581 ut

338 3616 426 3668 omnis
450 3615 575 3681 cogitatio
600 3615 633 3665 ad
658 3616 786 3666 exteriora
809 3620 932 3682 vagetur,
961 3620 1023 3666 tunc
1052 3613 1202 3665 huiusmodi
1226 3613 1364 3665 daemones
1387 3630 1460 3682 prae-

337 3706 427 3753 sentes
452 3716 510 3751 esse
534 3701 698 3767 cognoscito,
722 3717 833 3769 quorum
856 3700 1004 3768 praesentia
1026 3700 1100 3761 facit,
1127 3703 1157 3750 ut
1180 3699 1286 3767 spiritus
1309 3699 1461 3751 naturaliter

337 3786 432 3837 avidus
450 3786 478 3836 in
495 3786 571 3836 nobis
590 3792 733 3839 excrescat.
758 3787 828 3838 Haec
846 3786 882 3836 ibi
895 3827 902 3838 .
915 3789 937 3838 .“
970 3784 1064 3836 Omisit
1080 3784 1185 3835 Ficinus
1204 3784 1228 3833 οἳ
1250 3782 1289 3833 καὶ
1301 3815 1334 3822 -
1346 3782 1461 3853 γιγνομέ-

337 3888 393 3937 νης,
412 3871 427 3934 ἢ
447 3873 488 3934 τῆς
507 3869 613 3938 γαστρὸς
626 3901 659 3908 -
672 3870 877 3940 πεπληρωμένης,
897 3866 1001 3938 ἄχρι-
1013 3869 1125 3938 παγίδας.

409 3955 419 3986 ⁵
438 3952 485 4023 γάρ
504 3972 554 4007 om.
571 3955 670 4018 CEFG,
687 3972 772 4023 neque
791 3955 855 4022 legit
866 3955 986 4019 FicinuS,
1005 3956 1049 4023 qui
1067 3954 1181 4025 χαίρουσι
1199 3955 1315 4008 dativum
1331 3956 1462 4025 participii

338 4057 397 4094 esse
415 4040 523 4091 censuit.

408 4125 419 4157 ⁶
439 4124 560 4187 Quolibet
580 4127 651 4178 victu
673 4125 802 4192 gaudent,
826 4142 905 4193 quare
928 4126 970 4177 vel
993 4143 1098 4196 corpore
1121 4133 1209 4179 nostro
1232 4128 1324 4179 nutriri
1346 4127 1458 4181 student.

337 4212 388 4264 Pro
408 4212 488 4270 ποιαῖς
505 4210 610 4263 Ficinus
628 4211 729 4262 videtur
747 4210 834 4279 λαραῖς
853 4212 948 4279 legisse
966 4212 1007 4263 vel
1025 4214 1076 4264 tale
1096 4213 1165 4280 quid.
1194 4213 1258 4264 Post
1275 4215 1375 4281 τροφαῖς
1390 4211 1460 4264 DFG

339 4290 522 4356 alcinserunt.

409 4382 419 4415 ⁷
438 4386 613 4450 apostataverint
630 4382 689 4446 ΑΗ,
709 4382 877 4450 προσιζαίουοι
894 4383 923 4437 F.
942 4380 1094 4452 τὰσώματα
1113 4382 1210 4435 GDFG.

410 4468 420 4501 ⁸
438 4467 532 4520 Lavari
549 4469 679 4536 supplices
698 4468 815 4536 cibisque
833 4470 991 4537 quibusdam
1009 4470 1139 4521 abstinere
1157 4473 1217 4521 aute
1235 4482 1310 4519 sacra
1330 4466 1457 4523 facienda.

409 4552 420 4586 ⁹
439 4552 524 4623 αἵμασι
540 4552 639 4605 BGFG.
706 4552 729 4585 ¹⁰
747 4550 878 4615 ἒπίστασας
895 4555 950 4608 AH.
