3592 5400
834 518 925 561 ursus
946 521 965 561 1.
1401 500 1458 564 131

373 673 425 728 80.
471 657 635 743 αὔξουσαν,
650 665 732 729 τέλει
748 666 839 740 αὐτὸς
853 667 1051 753 ἐπευχόμενος
1063 656 1146 736 τάνδ’
1162 668 1257 754 εὐχήν.

338 773 394 837 εἶτ’
410 763 558 848 ἐξέδωκεν
574 776 676 862 εὐχήν,
691 765 810 850 ἐδίδαξε
824 798 874 853 τε,
888 777 998 850 πόσους
1012 775 1143 845 ληπτέον
1158 777 1419 858 ὰσκαλαβώταςῑ·

468 884 573 947 ὅσσαιέ
588 888 699 973 μορραί
713 908 776 974 μοι,
791 887 909 960 τόσσοις
924 877 1010 966 ζῴοις
1025 908 1058 948 σε
1074 885 1189 949 κελεύω

470 996 520 1057 καὶ
534 984 651 1082 σφόδρα
666 1005 765 1058 ταῦτα
780 996 925 1059 τελεῖνά·
940 985 1053 1082 δάρνις
1068 986 1119 1058 δέ4
1135 1018 1185 1084 μοι
1200 993 1418 1085 αυτοχενέθλου

470 1108 552 1167 οἴκου
567 1109 641 1194 ἐμοῦ
656 1106 782 1193 χώρκμα
797 1106 925 1168 ποιεῒνῧ.
941 1107 992 1167 καὶ
1007 1104 1163 1194 ἀγάλματι
1177 1107 1291 1168 πολλόν

374 1221 423 1278 84.
469 1215 575 1296 κείνῳ·5
590 1216 787 1303 ἐπευχόμενος
803 1205 838 1277 δι’
854 1214 970 1277 ὖττνων6
984 1214 1037 1302 ἐμὲ
1053 1206 1136 1278 δῖαν
1151 1214 1311 1303 άθρνζσειςῖ

410 1322 456 1372 Καὶ
468 1320 540 1372 πάλιν
551 1319 640 1373 ἄλλοτε
651 1320 753 1393 ἄγαλμα
762 1321 880 1388 {aorici
889 1322 991 1383 ἐξέδωκε
1001 1329 1112 1374 τοιοῦτον
1120 1326 1139 1374 ⁹.
1159 1325 1220 1392 Cap.
1234 1324 1263 1375 13
1272 1342 1298 1393 p.
1312 1325 1358 1376 119
1368 1323 1457 1393 Steph.

338 1425 365 1475 p.
378 1406 427 1459 201
438 1423 462 1458 a.
481 1407 539 1475 vig.
553 1407 658 1476 καὶπερὶ
671 1405 808 1477 σχημάτων
821 1405 889 1467 ὅπως
902 1409 1064 1475 φαντάζονται
1077 1408 1146 1459 αὐτοὶ
1159 1409 1335 1478 peperisses·
1349 1402 1460 1477 αἰρίιίνέο

338 1490 381 1541 καὶ
393 1487 424 1540 τά
436 1487 569 1560 ἀγάλματα
581 1491 647 1542 οὕτω
661 1491 801 1560 καθιδρύθη.
824 1482 921 1573 Λέγει
944 1497 1003 1561 γοῦν
1029 1485 1174 1575 Σάραπις,
1200 1476 1269 1549 ἰδὼν
1288 1487 1341 1549 τόν
1362 1485 1372 1548 Ι
1379 1486 1459 1566 livet,

336 1579 405 1665 περὶ
420 1581 542 1640 ἑαυτοῦ·

371 1695 423 1751 85.
467 1676 588 1775 ψαιδρή
605 1688 658 1776 μὲν
672 1689 754 1752 κατά
769 1678 858 1776 δῶμα
873 1687 944 1753 θεοῦ
959 1689 1197 1778 καταλάμπεται
1212 1691 1306 1781 αὐγή·

466 1791 541 1867 ἦλθε
555 1797 627 1888 γάρ,
643 1799 821 1882 empireae
837 1797 904 1872 θεός
919 1799 1026 1889 μέγας·
1042 1790 1120 1862 εἶδεν
1136 1803 1220 1888 ἐμεῖο

467 1907 576 1997 κάρτος
591 1907 812 1998 ἀμαιμάκετον,
827 1899 1009 1997 λαμπηδόνα
1025 1909 1327 1998 ρλοχμοτάραννονῑῑ,

468 2020 629 2107 βόστρυχον
644 2024 680 2083 ἐκ
688 2015 712 2056 ¹²
726 2024 861 2106 κεφαλῆς
876 2017 983 2092 νεάτης
997 2019 1185 2106 χαροποῖσι13
1201 2019 1350 2108 μετώποις

469 2130 559 2217 ἀμφὶς
574 2129 771 2217 ἰαινόμενον14
784 2133 933 2217 πλοχμοῖς
949 2127 973 2191 θ’
985 2133 1073 2216 ἱεροῖο
1088 2130 1211 2218 γενείου.

339 2331 396 2385 Sub
409 2335 569 2383 crescentem
581 2330 684 2394 lunam,
698 2331 759 2400 quia
770 2337 832 2383 tunc
844 2331 883 2383 vis
896 2330 987 2383 sideris
1000 2330 1114 2400 deaeque
1123 2331 1215 2401 augeri
1224 2330 1372 2396 videbatur,
1384 2330 1459 2385 dimi·

337 2418 399 2481 nui,
417 2433 500 2486 quum
513 2416 679 2468 decresceret.
706 2417 753 2468 Vel
764 2415 857 2468 herbas
869 2417 933 2469 luna
944 2423 1077 2470 crescente
1089 2418 1210 2470 collectas
1227 2417 1388 2469 efficaciores
1401 2433 1458 2470 esse

336 2508 440 2554 veteres
451 2501 599 2553 credebant.

409 2587 418 2619 ¹
438 2585 482 2638 Sic
495 2587 586 2656 scripsi
597 2603 644 2655 pro
657 2584 828 2654 σκαλαβὼτας.
843 2586 881 2640 Oi.
892 2603 917 2655 p.
930 2586 985 2638 130.
998 2592 1051 2638 not.
1064 2584 1102 2639 12.

407 2671 420 2705 ¹
438 2668 494 2722 dour
506 2672 539 2736 A,
553 2673 671 2742 μορφαῖσι
684 2673 765 2731 τόσοις
779 2670 857 2735 GFG,
871 2674 922 2731 τοῖς
934 2675 987 2730 σοῖς
999 2687 1046 2742 pro
1059 2672 1156 2731 τόσσοις
1167 2671 1198 2724 Α.

407 2756 419 2790 ¹
437 2756 481 2809 Sic
494 2758 586 2826 scripsi
597 2774 644 2826 pro
657 2752 733 2826 τέλει,
746 2763 775 2810 ut
785 2756 866 2809 (taisi.
878 2759 955 2807 ποιεῖν
967 2758 994 2808 iu
1006 2774 1030 2810 ν.
1040 2773 1093 2826 seq.
1105 2774 1152 2827 pro
1164 2755 1228 2808 τέλει
1241 2773 1274 2809 ex
1283 2756 1330 2809 ΑΗ
1338 2757 1457 2812 restituit.

336 2842 416 2896 Error
429 2847 500 2895 ortus
512 2849 568 2894 erat
584 2859 618 2895 ex
629 2844 691 2911 imp.
705 2841 768 2892 τέλει
780 2859 803 2893 ν.
816 2841 857 2893 80.
881 2841 993 2894 Sensus:
1011 2842 1088 2893 iubeo
1105 2847 1131 2893 te
1143 2842 1226 2894 tribus
1239 2843 1416 2907 stellionibus,
1432 2847 1458 2894 et

337 2928 445 2997 quidem
456 2928 544 2979 animo
555 2928 669 2991 intento,
681 2925 745 2979 haee
757 2943 915 2981 consecrare.

407 3012 419 3045 ⁴
437 3010 528 3065 1th.
632 3012 642 3043 ⁵
661 3015 725 3062 κεῖνο
738 3011 766 3066 O.
871 3012 882 3044 ⁸
900 3013 986 3080 Vulgo
999 3011 1088 3076 ὕπνου,
1101 3012 1146 3064 DE
1159 3011 1248 3082 ὓπνον,
1261 3013 1316 3065 rell.
1329 3011 1419 3064 ὕπνων.

408 3097 419 3131 ¹
437 3096 481 3149 Sic
497 3096 589 3166 scripsi
605 3113 638 3149 ex
656 3098 816 3159 coniectura3
835 3093 879 3165 ἐμέ
889 3113 927 3147 τοι
938 3097 1025 3162 codd,
1041 3102 1143 3166 praeter
1154 3096 1210 3160 BG,
1224 3098 1269 3165 qui
1281 3094 1327 3166 ἐμέ
1337 3116 1368 3148 τε.
1390 3099 1457 3150 Tum

338 3182 367 3234 ἂν
385 3180 495 3251 ἀθρήσας
511 3182 570 3245 ΑΗ,
588 3179 728 3249 &subpriore
746 3183 799 3234 rell.
818 3211 850 3221 -
866 3181 905 3233 De
921 3183 1024 3249 magica
1039 3187 1185 3233 statuarum
1202 3183 1407 3246 consecratione,
1426 3182 1457 3234 de

336 3272 425 3331 rutae,
437 3267 516 3331 turis,
529 3268 679 3319 stellionum
690 3283 740 3318 usu
750 3267 866 3334 magico,
878 3264 910 3317 de
922 3267 994 3317 lauro
1007 3267 1034 3317 in
1046 3265 1228 3318 additamentis
1241 3280 1328 3333 agam.
1347 3266 1371 3318 Α
1382 3265 1456 3317 cuius

338 3351 443 3421 generis
454 3350 560 3404 homine
571 3350 620 3403 hoc
634 3352 767 3404 oraculum
780 3350 928 3403 confectum
943 3350 989 3413 sit,
1007 3351 1103 3418 optime
1115 3349 1261 3401 Lobeckius
1279 3349 1412 3418 significat
1423 3348 1457 3401 ad

338 3438 475 3506 geminum
486 3435 518 3488 de
531 3436 657 3505 Apollinis
670 3437 810 3488 simulacro
823 3450 928 3485 carmen
939 3434 998 3501 Agl.
1010 3450 1036 3502 p.
1047 3433 1096 3485 729
1106 3450 1145 3501 sq.

408 3522 419 3555 ⁸
437 3520 515 3573 Godd.
527 3520 667 3573 Guisfordii
677 3526 778 3590 praeter
788 3519 832 3571 DE
845 3517 918 3583 αὐτῆς
931 3534 977 3587 pro
989 3518 1060 3585 vulg.
1074 3516 1164 3575 αὐτοῖς.
1187 3516 1216 3569 Si
1224 3516 1382 3586 Porphyrius
1395 3518 1454 3570 sub·

337 3605 436 3657 lectum
445 3609 525 3669 esset,
535 3622 589 3657 non
598 3602 713 3674 ἄγαλμα,
727 3604 772 3656 sed
780 3603 894 3673 χρησμόν
905 3602 1042 3654 dicendum
1051 3602 1153 3654 luisset.
1167 3600 1250 3663 Quare
1261 3598 1346 3666 ἑαυτῆς
1356 3602 1456 3671 scripsi.

336 3690 378 3741 Ita
388 3691 468 3760 paulo
480 3695 540 3760 post
551 3707 576 3760 p.
586 3689 635 3742 tot
646 3706 667 3741 c.
681 3688 754 3754 αὐτῆς
766 3705 812 3757 pro
825 3684 911 3751 ἑαυτῆς
923 3686 943 3737 F
954 3686 1070 3755 praebet.

407 3774 419 3807 ⁰
435 3774 502 3827 Illud
520 3776 654 3827 oraculum
668 3773 811 3843 significari
827 3771 936 3835 videtur,
954 3771 1024 3840 quod
1040 3771 1143 3840 incipit:
1161 3769 1209 3836 ἤδη
1223 3789 1264 3839 μοι
1282 3770 1312 3821 orl
1324 3788 1359 3839 γε.
1382 3770 1458 3825 Edidi

337 3859 417 3930 paulo
429 3859 505 3914 inire.
1165 3857 1168 3862 '

396 3944 420 3979 ¹⁰
437 3944 588 3997 Secundum
600 3960 666 4014 quae
679 3944 790 3996 oracula.

396 4029 419 4063 ¹¹
438 4029 608 4099 Splendorem
625 4028 739 4081 flammis
756 4029 940 4097 imperantem,
963 4023 1084 4079 flammas
1102 4033 1277 4097 superantem.
1296 4057 1329 4067 -
1348 4026 1456 4098 φθεγμο·

337 4113 456 4184 τύραννον
468 4115 545 4169 AHV.

397 4200 420 4233 ¹¹
438 4197 465 4249 ἐκ
477 4216 528 4253 om.
541 4199 595 4253 ΑΗ.
752 4197 774 4231 ¹³
793 4200 917 4268 χαροποῖς
929 4195 1004 4249 AHF.

395 4284 419 4318 ¹⁴
437 4283 651 4353 ἀμφισιεννόμενον
662 4283 716 4335 ΛΗ.
729 4313 762 4336 -,-
775 4280 862 4351 Ἀμφίς
875 4298 934 4334 cum
951 4282 1002 4337 dat.
1015 4283 1057 4335 vel
1068 4282 1197 4335 Homerus
1214 4282 1301 4334 iunxit
1313 4278 1341 4332 Il.
1354 4277 1379 4333 5.
1393 4277 1454 4332 723:

336 4366 419 4420 κύκλα
431 4366 537 4437 σιδηρέῳ
551 4363 617 4428 ἄξονι
629 4365 710 4435 ἀμφίς.
730 4368 883 4431 Cluciuuos,
896 4368 992 4435 inquit,
1005 4368 1147 4436 pendentes
1159 4384 1175 4418 a
1186 4382 1288 4417 summo
1298 4364 1382 4432 cupite
1395 4360 1456 4433 (hoc

335 4454 408 4506 euim
425 4457 573 4505 extremum
590 4459 645 4506 erat
661 4452 763 4516 Fauno,
786 4453 831 4520 qui
847 4452 916 4503 infra
932 4455 1058 4521 steterat),
1077 4452 1144 4504 circa
1160 4451 1274 4502 lroutem
1292 4449 1455 4517 crispamque
1529 4497 1539 4510 ,

334 4538 449 4591 barbam
464 4537 544 4591 radiis
561 4539 703 4607 tepefactos
721 4542 746 4589 et
762 4537 914 4590 illustratos.
939 4536 1048 4605 Semper
1065 4537 1208 4605 sculptores
1226 4534 1359 4603 Sarapidis
1377 4540 1455 4602 caput

1220 4636 1253 4688 9·

1486 905 1499 942 d
