3592 5400
389 503 430 568 48
616 526 711 569 orror
725 527 766 569 iv.
788 526 831 568 ns
847 526 1051 569 oancuuouuu
1065 526 1265 570 comomans.

390 700 475 756 quem
496 679 602 740 Suidas
620 680 797 739 Philochoro
815 681 932 752 tribuit,
957 681 1054 758 ipsum
1077 681 1170 740 fuisse
1193 680 1313 738 tertium
1332 689 1509 740 commenta·

389 793 477 851 tionis
492 793 529 850 dc
543 792 719 850 divinatione
734 791 861 851 arbitror
874 800 905 850 et
918 795 956 853 ab
975 800 1146 870 argumento
1166 792 1272 868 potiori
1293 811 1359 852 esse
1378 793 1508 851 denomi-

388 910 498 962 natum.
526 903 659 961 Fortuita
677 903 767 980 igitur
785 903 884 961 omina
903 903 945 963 ibi
966 905 1190 973 enamabantur3
1210 920 1285 978 quae
1305 921 1393 978 quum
1412 905 1508 981 geniis

389 1013 569 1092 singulorum
580 1014 728 1072 hominum
740 1013 828 1074 tribui
839 1015 926 1092 vulgo
938 1015 1080 1083 solerent,
1096 1022 1165 1090 apte
1176 1031 1241 1071 cum
1252 1014 1348 1091 geniis
1360 1033 1396 1072 ex
1406 1022 1508 1072 ventre

387 1124 585 1184 divinantibus
606 1124 742 1203 coniungi
762 1132 908 1201 poterant.
941 1123 1046 1199 Neque
1071 1124 1149 1182 enim
1169 1125 1282 1195 obstat,
1309 1124 1386 1206 quod
1407 1126 1507 1184 Philo·

388 1234 492 1295 chorus
507 1254 525 1292 a
540 1235 647 1295 Cerere
662 1235 759 1293 omina
777 1235 831 1293 illa
844 1235 965 1293 inventa
984 1253 1050 1293 esse
1066 1227 1219 1313 (Hesych.)
1235 1235 1317 1294 dixit.
1347 1235 1425 1294 Nam
1445 1255 1507 1294 aor-

388 1347 460 1404 tium
483 1365 596 1422 quoque
617 1346 824 1405 divinationem
849 1346 901 1403 alii
925 1367 944 1404 a
963 1346 1095 1404 Minerva
1116 1345 1248 1404 ferebant
1267 1346 1416 1404 inventam
1441 1366 1507 1406 esse

389 1452 476 1536 (hoba
487 1459 553 1536 Agl.
567 1459 638 1516 814.
655 1455 766 1533 Sponh.
778 1457 816 1514 ad
827 1455 944 1515 Gallim.
957 1457 1056 1533 hymn.
1069 1457 1100 1514 in
1112 1457 1209 1533 Apoll.
1223 1449 1290 1534 45),
1313 1450 1506 1517 Philochorus

389 1587 407 1626 a
420 1567 566 1644 Nymphis
586 1563 768 1643 quibusdam.
791 1568 900 1626 Zenob.
912 1586 993 1644 prov.
1007 1568 1035 1626 5.
1050 1568 1099 1626 75.
1127 1559 1301 1650 Φιλόχορος
1315 1583 1344 1650 p.
1359 1561 1507 1652 ‹tn-Nop-

389 1694 442 1761 pou
461 1672 676 1760 κατεῖχοντόν
690 1670 867 1760 Παρνασσὸν
881 1673 987 1761 τροφοὶ
1001 1669 1189 1747 ’Λπόλλωνος
1207 1683 1299 1761 τρεῖς,
1322 1672 1507 1762 καλούμεναι

389 1781 491 1871 Θριαί,
507 1782 557 1871 ἀφ’
572 1777 613 1846 ὧν
628 1785 708 1848 αἵτε
724 1784 865 1871 μαντικαὶ
879 1779 972 1870 ψῆφοι
988 1780 1064 1871 optat
1075 1786 1240 1846 καλοῦνται
1251 1784 1303 1846 καὶ
1312 1783 1349 1846 τὰ
1362 1783 1508 1871 μαντεύε-

388 1891 457 1957 σθαι
473 1891 615 1983 θριᾶσθαι
643 1901 754 1976 Utique
769 1907 863 1958 sortes
878 1917 992 1976 quoque
1007 1899 1045 1956 ad
1060 1900 1178 1958 oracula
1191 1899 1327 1970 fortuita,
1350 1900 1451 1977 itaque
1470 1901 1506 1958 ad

368 1991 493 2070 'librum
510 2012 554 2070 111
572 2011 773 2088 pertinebant,
794 2028 850 2085 quo
871 2011 960 2068 etiam
980 2011 1041 2068 sch.
1055 2008 1146 2087 Soph.
1162 2009 1238 2068 Oed.
1253 2011 1324 2086 Tyr.
1342 2011 1379 2070 21
1397 2010 1506 2070 refero:

389 2106 439 2180 brol
452 2126 513 2180 τῶν
528 2114 665 2205 ἐμπύρων
679 2114 880 2204 ἐμαντεύοντο
895 2119 922 2177 οἱ
929 2119 1020 2202 ἱερεῖς
1035 2115 1194 2199 (Apollinis
1208 2113 1357 2200 Ismenii),
1379 2116 1420 2190 ὥς
1434 2138 1506 2204 paor

387 2225 562 2316 Φιλόχορος.
585 2231 760 2309 Complexus
781 2233 935 2309 igiturest
954 2231 1005 2289 illo
1025 2232 1101 2290 libro
1120 2233 1327 2290 divinationem
1350 2251 1386 2289 ex
1401 2233 1504 2310 signis,

388 2343 530 2412 sortibus,
551 2343 646 2420 geniis
666 2342 862 2419 peculiaribus
877 2341 1013 2419 petitam,
1034 2342 1229 2421 quasdiffert-
1246 2351 1282 2400 et«
1295 2362 1314 2400 a
1334 2343 1457 2402 somniis
1478 2351 1507 2402 et

387 2455 424 2512 ab
446 2454 578 2513 oraculis
592 2454 711 2512 deorum
734 2453 796 2511 sive
817 2461 915 2511 vatum
937 2454 974 2512 ab
997 2454 1135 2531 Apolline
1156 2454 1380 2530 inspiratorum,
1407 2454 1507 2512 differt

388 2565 475 2623 etiam
490 2584 509 2622 a
522 2564 715 2635 divinatione,
737 2582 811 2639 quae
826 2570 890 2622 arte
905 2564 1089 2635 instituatur,
1109 2565 1129 2624 i.
1142 2585 1168 2624 e.
1189 2565 1318 2642 auguriis
1338 2572 1368 2621 ot
1386 2565 1506 2643 extispi-

387 2677 451 2735 ciis.
479 2675 556 2735 Nam
573 2677 632 2734 hoc
651 2694 743 2754 genus
764 2695 853 2734 unum
871 2684 981 2748 restat,
1001 2683 1034 2734 ut
1053 2675 1148 2734 omnis
1168 2675 1356 2734 divinationis
1378 2675 1505 2736 ambitus

388 2788 553 2881 expleatur:
566 2805 655 2862 quare
665 2787 733 2845 libri
744 2786 787 2846 IV
794 2795 997 2865 argumentum
1007 2787 1100 2846 fuisse
1111 2787 1250 2845 arbitron·
1268 2785 1414 2844 Omittere
1426 2789 1506 2846 nullo

388 2898 473 2955 modo
488 2898 513 2955 is
529 2897 637 2973 potuit,
657 2898 706 2974 qui
724 2891 853 2975 (Olymp.
870 2900 944 2968 118,
962 2891 993 2974 3)
1004 2897 1237 2960 Atheniensibus
1259 2897 1394 2973 publicus
1409 2899 1506 2975 prodi·

388 3008 499 3085 giorum
521 3015 584 3064 erat
599 3008 744 3084 interpres
766 3001 971 3086 (Philochorus
991 3008 1020 3066 in
1037 3008 1166 3100 Atthidis
1191 3008 1266 3067 libro
1280 3009 1326 3067 IX
1345 3028 1393 3085 ap.
1414 3009 1504 3069 Dion.

388 3118 457 3177 Hal.
470 3118 546 3176 vitae
555 3117 699 3177 Dinarchi
712 3138 775 3195 cap.
789 3112 818 3198 3)
834 3127 864 3176 et
874 3120 912 3176 ab
924 3117 1016 3179 Suida
1026 3137 1139 3194 quoque
1152 3113 1257 3202 μάντις
1268 3115 1320 3177 καὶ
1334 3115 1506 3201 sporrone<

387 3237 513 3289 vocatur.

450 3341 656 3401 Philochorum
668 3342 764 3400 Ister
775 3340 943 3419 Cyrenaeus
955 3341 1082 3418 excepit,
1100 3341 1148 3416 qui
1165 3343 1220 3400 sub
1231 3342 1402 3401 Ptolemaeo
1413 3344 1505 3402 Euer-

386 3460 452 3530 gete
473 3452 572 3529 viguit.
603 3453 634 3511 Is
656 3471 769 3529 quoque
792 3452 910 3510 oracula
931 3452 1049 3529 collegit
1070 3454 1200 3510 numeris
1220 3460 1250 3510 et
1268 3472 1356 3529 prosa
1375 3454 1505 3513 oratione

386 3563 573 3639 procedentia
593 3557 688 3642 (Plut.
709 3563 745 3621 de
764 3564 853 3638 Pytb.
875 3581 967 3622 oracc.
990 3581 1053 3639 cap.
1075 3556 1138 3639 19),
1165 3555 1322 3621 sedonius
1343 3565 1504 3639 Apollinis;

387 3693 455 3731 num
469 3674 574 3732 librum
590 3664 779 3743 ’Λπόλλωνος
793 3669 964 3756 ἐπιφανείας
978 3674 1144 3751 inscripsit,
1164 3692 1285 3749 quorum
1304 3675 1433 3749 quinque
1446 3676 1504 3733 fru·

387 3785 465 3841 stulu
479 3782 513 3843 Ο.
526 3785 657 3842 Mueller
665 3784 697 3841 in
710 3784 746 3843 fr.
760 3784 828 3843 hist.
842 3784 894 3843 Gr.
908 3786 923 3842 I
937 3805 965 3860 p.
979 3786 1040 3843 422
1053 3804 1098 3861 sq.
1114 3788 1244 3861 praebet.
1307 3805 1311 3815 ·
1326 3815 1335 3831 x

452 3892 584 3952 Secundo
604 3901 672 3952 ante
688 3892 757 3953 Ohr.
774 3895 1088 3953 saeculoNicander
1107 3897 1218 3968 floruit,
1239 3897 1365 3955 Damaei
1379 3896 1416 3968 f.‚
1438 3895 1504 3955 (lla-

386 4003 479 4074 rius*,
504 4004 710 4081 grammaticus
733 4013 763 4061 et
783 4010 870 4081 potita
892 3998 1024 4084 (said),
1051 4007 1100 4081 qui
1124 4005 1217 4076 Suida
1237 4014 1313 4066 teste
1335 4025 1423 4083 quum
1446 4008 1505 4065 alia

454 4226 466 4254 ⁸
485 4225 536 4278 vit.
554 4223 688 4278 Nicandri:
713 4223 764 4277 clbv
783 4225 811 4277 δέ
827 4243 898 4295 φησιν
918 4225 991 4278 αὑτὸν
1009 4228 1148 4298 Δαμναίου,
1167 4228 1234 4280 οὕτω
1252 4221 1364 4298 λέγων’

590 4308 704 4370 anam<
723 4309 778 4377 νὶἥα
795 4311 979 4379 πολυμνήττοιο
997 4314 1136 4383 Δαμναίου,

387 4402 413 4448 et
433 4395 548 4449 Eudocia
571 4414 591 4448 s.
614 4395 743 4448 Nicandro
765 4397 846 4448 vitam
868 4399 1031 4450 exscribens:
1056 4395 1114 4469 ἔσχε
1137 4399 1163 4450 δὲ
1186 4400 1279 4469 πατέρα
1303 4400 1436 4469 Δαμναΐον.
1470 4401 1504 4452 At

387 4483 509 4533 alterutro
532 4482 600 4533 vitae
623 4484 680 4534 loco
704 4479 804 4534 scholia
827 4482 945 4552 G‘otting.
970 4489 997 4534 et
1019 4500 1111 4553 margo
1129 4484 1168 4536 ed.
1187 4484 1277 4537 Colon.
1295 4484 1408 4554 hupaloo
1424 4486 1502 4555 'prae-

386 4568 462 4630 bent,
485 4568 554 4634 quod
576 4568 678 4619 numeri
700 4565 830 4635 flagitant.
867 4568 1039 4636 Xenophanis
1060 4569 1146 4621 filium
1163 4569 1258 4621 Suidas
1275 4576 1363 4633 vocat,
1385 4575 1412 4621 et
1429 4570 1502 4622 Golo-
