3592 5400
322 580 328 585 .
394 517 436 582 34
610 537 707 580 01101
721 536 753 580 11.
776 535 818 578 01
833 535 989 578 1111011111
1003 535 1114 578 roura.
1129 531 1283 577 11111011.

394 700 572 768 postrorum
588 698 721 749 eventum
737 682 821 749 fictas
842 689 1066 766 esseprobavit.
1097 690 1161 762 „Ad
1179 688 1395 766 intellegendas
1417 694 1517 745 autem

394 811 538 861 extremas
563 809 661 878 partes
687 797 843 860 Danielis“
868 835 906 845 -
929 801 1018 858 verba
1042 799 1214 875 Hieronymi
1241 806 1309 856 suut
1333 798 1364 855 in
1393 797 1516 856 Daniel.

394 922 463 972 tom.
478 915 505 972 3.
523 934 552 990 p.
569 913 647 972 1073
666 912 730 970 init.
749 946 786 956 —
807 912 979 986 „multiplex
1000 910 1179 969 Graecorum
1201 909 1324 967 historia
1345 908 1517 967 necessaria

394 1031 451 1094 est,
474 1022 600 1083 Suctorii
616 1021 754 1081 Callinici
777 1016 915 1101 (inlibris
931 1022 967 1078 de
982 1021 1160 1078 Alexandria
1173 1019 1229 1097 X),
1249 1019 1388 1090 Diodori,
1409 1019 1516 1077 Hiero-

393 1135 487 1210 nymi,
507 1133 639 1209 Polybii‚
660 1133 826 1203 Posidonii,
848 1131 964 1192 Claudii
979 1131 1110 1190 Theonis
1131 1138 1161 1188 et
1175 1130 1334 1188 Andronici
1351 1174 1380 1188 ..
1404 1130 1516 1206 Alypii,

393 1264 465 1321 quos
488 1251 516 1302 et
531 1243 710 1320 Porphyrius
732 1250 861 1302 secutum
883 1262 949 1301 esse
970 1261 1002 1301 sc
1021 1239 1121 1300 dicit.“
1155 1242 1254 1299 Etiam
1273 1241 1349 1298 liber
1362 1240 1408 1297 IV
1424 1242 1517 1298 multa

394 1356 537 1413 derebus
558 1354 686 1430 antiquis
706 1354 876 1412 Iudaeorum
897 1353 1086 1430 praesertim,
1109 1351 1367 1411 Sanchuniathone
1387 1358 1515 1419 auctore,

393 1465 536 1523 tradebat.
563 1466 666 1540 Itaque
686 1464 749 1521 fieri
770 1483 828 1522 nou
849 1464 960 1540 potuit,
982 1464 1052 1540 quin
1073 1464 1110 1520 ad
1129 1469 1291 1537 temporum
1311 1461 1517 1537 perduceretur

394 1574 667 1652 perscrutationem,
695 1593 782 1649 quam
810 1577 865 1647 „ab
884 1575 940 1633 Ilio
966 1582 1050 1650 capto
1075 1574 1113 1630 ad
1129 1571 1244 1630 Claudii
1266 1569 1514 1630 dominationem“

396 1681 555 1773 (Eusebius
574 1685 701 1742 chronic.
717 1705 746 1760 p.
763 1686 821 1743 195
838 1677 924 1761 Maii
941 1684 1135 1753 continuavit,
1158 1680 1179 1740 i.
1194 1703 1219 1741 0.
1241 1702 1334 1759 usque
1356 1683 1393 1740 ad
1414 1700 1519 1740 secun«

395 1797 477 1864 dum,
493 1795 519 1853 si
534 1794 604 1871 quid
619 1795 715 1866 video,
737 1795 923 1871 imperatoris
937 1814 1059 1865 annum,
1078 1794 1138 1852 270
1150 1814 1179 1870 p.
1193 1792 1262 1853 Chr.
1276 1814 1322 1864 n.,
1338 1813 1395 1871 quo
1410 1813 1427 1850 e
1443 1791 1517 1852 Sici·

395 1908 436 1965 lia
450 1907 574 1964 Romam
594 1897 770 1985 remigravit.
797 1906 964 1982 Exscripsit
982 1905 1128 1963 Eusebius
1148 1904 1179 1961 in
1199 1903 1293 1980 primo
1314 1905 1517 1962 chronicorum

395 2018 470 2076 libro
487 2009 589 2096 (ibid).
619 2020 716 2093 Atque
730 2017 833 2074 horum
848 2035 962 2092 quoque
977 2015 1137 2074 studiorum
1152 2033 1369 2092 praecessorem
1383 2015 1516 2090 Porphy-

395 2129 455 2186 rius
471 2122 604 2186 Cassium
620 2127 785 2204 Longinum
800 2126 916 2195 habuit,
939 2126 1096 2201 pristinum
1111 2126 1296 2203 magistrum,
1313 2125 1395 2183 cuius
1410 2125 1517 2183 duode-

395 2238 497 2314 viginti
517 2238 552 2294 de
575 2237 634 2295 228
656 2235 868 2312 olympiadibus
888 2235 980 2294 libros
1002 2236 1078 2294 idem
1101 2236 1247 2294 Eusebius
1269 2235 1301 2292 in
1324 2253 1409 2293 usum
1433 2255 1517 2294 suum

396 2347 538 2406 convertit
554 2338 683 2424 (raray.
1183 2321 1185 2324 ’

460 2456 534 2516 Cum
549 2476 644 2514 rerum
659 2457 844 2533 antiquarum
859 2457 964 2516 studiis
980 2449 1517 2538 0111110011101111101101ςτόΘο0-

396 2552 518 2626 κυδίδου
538 2562 690 2650 προοίμιον
709 2569 824 2626 videtur
843 2568 1024 2638 cohaesisse,
1044 2569 1122 2644 quod
1143 2567 1322 2644 prooemium
1337 2566 1516 2626 Graecorum

396 2679 569 2757 primordia,
586 2678 763 2738 coloniarum
779 2679 967 2739 deductarum
982 2679 1216 2756 proeliorumque
1230 2678 1451 2737 commissorum
1466 2697 1516 2736 an-

465 2953 477 2980 *
498 2950 578 3005 Recte
595 2951 664 3004 enim
676 2952 806 3005 rhetorem
819 2950 1003 3005 Atheniensem
1016 2951 1139 3007 Niebuhr.
1153 2968 1242 3023 opusc.
1255 2952 1267 3003 l
1280 2970 1307 3021 p.
1321 2950 1368 3005 188
1380 2953 1517 3023 intellegit,

396 3038 526 3089 immerito
549 3038 710 3106 improbatus
734 3054 750 3089 a
773 3038 830 3092 Car.
852 3038 977 3091 Muellero
1000 3038 1095 3106 fragm.
1115 3036 1175 3091 hist.
1196 3036 1287 3090 Graec.
1305 3036 1399 3092 tom.3
1417 3056 1444 3108 p.
1458 3038 1516 3092 688.

396 3123 506 3176 Mueller
531 3124 633 3191 „potius
652 3122 758 3175 Cassius
779 3123 888 3191 aliquis“
914 3123 999 3191 iuquit
1023 3125 1069 3187 „A
1094 3122 1178 3175 Gellio
1201 3138 1311 3191 suppar,
1335 3124 1387 3191 qui
1409 3124 1516 3176 annales

398 3208 430 3260 ad
448 3224 525 3259 suum
542 3213 645 3276 tempus
663 3208 821 3277 perduxerit.
856 3208 929 3260 ldem
941 3208 1046 3260 Cassius
1059 3225 1100 3277 ap.
1115 3207 1229 3261 Gellium
1243 3207 1283 3261 17.
1297 3207 1355 3260 21!6
1374 3207 1403 3259 3:
1421 3209 1517 3261 Home·

396 3310 455 3345 rum
477 3298 503 3345 et
519 3292 661 3346 Hesiodum
685 3293 889 3359 ,auteRomam
908 3292 1040 3345 conditam
1058 3294 1170 3356 vixisse,
1193 3292 1281 3344 Silviis
1298 3294 1381 3345 Albae
1403 3309 1516 3362 regnau-

396 3379 480 3443 tibus,
504 3379 579 3430 anuis
602 3384 662 3447 post
685 3378 783 3431 bellum
806 3378 961 3441 Troianum,
985 3383 1014 3429 ut
1037 3377 1144 3429 Cassius
1167 3378 1195 3428 in
1218 3371 1302 3445 primo
1326 3378 1462 3430 annalium
1486 3378 1516 3429 de

396 3464 509 3516 Homero
528 3469 605 3531 atquc
622 3464 734 3515 Hesiodo
753 3464 878 3532 scriptum
903 3463 1018 3531 reliquit,
1040 3464 1099 3531 plus
1123 3468 1228 3513 centum
1250 3467 1329 3530 atque
1351 3463 1515 3531 sexaginta,“

397 3548 423 3600 id
442 3550 510 3617 quod
528 3564 605 3616 aegre
623 3549 650 3600 in
668 3548 752 3601 Cassii
768 3549 894 3601 Heminae
912 3547 971 3599 hist.
984 3547 1143 3601 Rom.·tradi
1159 3548 1282 3617 potuerit.
1317 3546 1437 3599 Eundem
1455 3553 1516 3617 puto

397 3633 546 3685 Tertullian.
565 3634 696 3702 apologet.
715 3650 770 3703 cap.
787 3633 817 3685 10
830 3634 950 3686 Cassium
963 3632 1089 3684 Severum
1106 3632 1168 3686 dicit
1186 3635 1226 3685 ..“
1261 3632 1332 3686 Haec
1348 3631 1401 3684 ille.
1438 3632 1518 3701 Atqui
1565 3640 1567 3645 '

398 3723 424 3769 et
442 3718 541 3770 Gellius
564 3723 589 3768 et
610 3718 703 3787 reliqui
723 3718 835 3771 Romani
858 3718 959 3786 quoties
984 3716 1103 3768 Cassium
1125 3715 1181 3767 siue
1203 3716 1359 3784 cognomine
1382 3722 1517 3768 auctorem

398 3802 522 3865 afferunt,
540 3803 679 3854 Heminam
697 3803 798 3864 dicuut;
816 3819 849 3854 ne
867 3801 909 3854 hic
928 3802 1031 3871 quidem
1050 3801 1078 3852 in
1095 3800 1229 3853 annalium
1246 3800 1368 3864 exordio,
1390 3802 1436 3853 ubi
1452 3807 1506 3853 tem

397 3903 463 3955 pora
484 3903 571 3938 rorum
588 3887 765 3938 Romanarum
787 3887 970 3955 antiquissima
992 3887 1069 3938 certis
1090 3902 1220 3938 annorum
1236 3885 1334 3937 finibus
1355 3886 1518 3938 circumscri-

398 3969 483 4022 benda
499 3976 585 4034 erant,
605 3970 763 4022 Graecorum
781 3987 823 4022 res
841 3972 959 4040 insigues
976 3970 1128 4023 hominesve
1147 3972 1243 4035 claros,
1261 3970 1293 4022 dc
1309 3986 1421 4038 quorum
1433 3976 1517 4023 101110

399 4060 517 4107 constare
534 4055 676 4118 rideretur,
694 4056 833 4123 neglegere
850 4058 948 4125 potuit,
967 4062 993 4108 et
1010 4072 1092 4124 quum
1110 4055 1141 4107 de
1153 4056 1259 4123 regibus
1271 4055 1380 4107 Albanis
1392 4061 1516 4118 narraret,

398 4140 500 4191 Aeneae
518 4156 622 4207 quoque
640 4141 737 4190 mentio
755 4139 875 4194 facienda
892 4146 956 4192 erat.
990 4140 1030 4192 lta
1047 4141 1081 4192 ad
1103 4140 1202 4192 bellum
1219 4134 1361 4193 Troianum
1379 4146 1406 4191 et
1421 4141 1517 4194 Home·

398 4242 456 4277 rum
479 4224 579 4276 delatus
604 4230 650 4276 est.
685 4224 723 4275 De
741 4223 831 4276 Cassio
850 4223 946 4276 Severo
970 4230 1058 4277 autem
1080 4241 1155 4276 secus
1177 4225 1315 4288 iudicabit,
1338 4226 1384 4293 qui
1405 4226 1516 4277 eundem

398 4310 588 4362 Tertullianum
605 4308 662 4360 adv.
680 4309 799 4360 nationes
818 4309 841 4360 2.
857 4309 895 4361 12.
915 4310 1011 4361 Minue.
1023 4309 1077 4361 Fel.
1090 4309 1179 4363 (lotar.
1192 4309 1233 4361 22.
1246 4308 1270 4363 8.
1288 4309 1408 4362 Lactant.
1423 4310 1515 4363 institt.

400 4394 505 4446 1.13.8
523 4395 721 4464 comparaverit:
741 4394 785 4462 qui
803 4398 925 4461 quattuor
942 4394 994 4445 loci
1010 4395 1104 4462 pariter
1117 4394 1259 4447 Saturnum
1270 4393 1404 4447 hominem
1415 4410 1515 4463 regem·

399 4494 449 4547 que
470 4478 552 4531 fuisse
570 4478 660 4531 Cassio
679 4483 784 4530 auctore
801 4477 914 4532 tradunt.
943 4478 1078 4546 Longinus
1101 4478 1297 4531 0111111184
1312 4480 1417 4531 initium
1441 4479 1515 4548 cepit,

398 4579 481 4632 usque
499 4564 531 4615 ad
548 4563 652 4633 Pyrrhi,
670 4563 755 4615 ultimi
772 4563 955 4626 Aeacidarum,
972 4568 1082 4616 mortem
1100 4579 1254 4632 progressus
1271 4568 1319 4619 est.
