3592 5400
676 544 718 585 ns
741 543 913 586 sncnrmcns
936 544 1120 588 vouucnrvu.
1398 530 1457 591 1923

403 696 621 756 Coturnices
642 697 762 756 Herculi
784 718 877 775 neque
896 719 913 757 a
934 699 1055 759 Graecis
1075 718 1170 775 nequo
1190 721 1208 757 a
1227 701 1384 772 Romanis,
1405 705 1457 761 sed

337 829 355 866 a
369 809 569 868 Phoenicibus
584 809 831 869 sacrificabantur.
860 811 966 868 Athen.
984 812 1012 870 0.
1033 814 1079 870 11.
1097 813 1136 869 47
1153 832 1181 887 p.
1195 813 1255 870 392
1271 813 1304 869 d:
1326 798 1458 882 Εὔδοξος

339 903 364 976 d’
380 917 398 976 ὁ
416 903 538 987 Κνίδιος
557 915 587 977 ἐν
607 915 717 1002 πρώτῳ
736 926 791 1004 γῆς
809 904 948 1003 περιόδου
968 918 1038 990 τοὺς
1052 915 1195 991 Φοίνικας
1215 915 1297 1006 λέγει
1317 915 1394 980 θύειν
1413 927 1457 1000 τῷ

338 1021 483 1113 Ἡρακλεῖ
495 1025 622 1113 ‹ipra-3¹24
638 1016 687 1087 td.
702 1026 737 1087 τὸ
752 1027 805 1089 τὸν
820 1023 985 1113 ispanias,
1008 1027 1060 1089 τὸν
1075 1026 1218 1114 Ἀστερίας
1232 1029 1283 1090 καὶ
1299 1027 1382 1107 Διός,
1403 1051 1458 1091 πο·

339 1135 498 1224 praepavore
523 1141 563 1208 εἰς
582 1134 714 1216 Λιβύην,
741 1134 928 1222 &carpetam
951 1139 1004 1224 μὲν
1027 1137 1083 1199 ὑπὸ
1105 1135 1262 1225 'superma
1290 1136 1402 1200 Ἰολάου
1423 1128 1458 1201 δὲ

339 1250 433 1309 αὐτοῦ
444 1245 698 1334 apacati-(savam
709 1246 822 1334 ὄρτυγα
834 1248 885 1308 καὶ
895 1248 1154 1336 προσαγαγόντος,
1171 1246 1374 1337 ὀσφρανθέντα
1386 1251 1457 1312 ἀνοι-

339 1358 451 1438 panon.
473 1363 571 1444 ἔχαιρε
590 1355 647 1444 γάρ
664 1378 734 1443 φησι
749 1359 799 1418 καὶ
820 1357 928 1444 περιὼν
942 1367 987 1439 τῷ
1003 1349 1072 1439 ζῴῳ
1087 1358 1195 1439 τούτῳ.
1218 1365 1297 1423 Idem
1320 1367 1455 1424 Eustath.

339 1475 375 1531 ad
391 1471 449 1532 Od.
462 1476 510 1531 11.
522 1475 592 1531 600.
613 1472 740 1531 Creuzer
755 1466 920 1551 (Symbolik
934 1475 962 1531 11
977 1495 1005 1550 p.
1023 1477 1081 1533 100
1097 1476 1143 1532 ed.
1160 1468 1190 1551 3)
1206 1477 1261 1535 hoc
1275 1476 1411 1534 Euemeri
1426 1477 1456 1534 in

338 1585 456 1643 modum
468 1584 510 1642 ita
521 1584 662 1660 explicat,
681 1593 712 1641 ut
719 1584 862 1642 Hercules
874 1585 1012 1643 comitiali
1026 1587 1125 1644 morbo
1138 1587 1312 1645 laboraverit
1324 1581 1456 1664 (Aristot.

338 1695 432 1772 probl.
450 1689 602 1772 acinis),
626 1696 745 1769 eiusque
760 1696 853 1753 morbi
872 1696 1030 1753 remedium
1046 1718 1063 1754 a
1079 1696 1193 1755 Galeno
1209 1699 1364 1756 coturnicis
1380 1717 1457 1756 cere·

339 1808 422 1865 brum
445 1824 510 1864 esse
532 1806 618 1863 tradi.
647 1841 683 1849 -
715 1806 823 1881 Tyrius
846 1806 989 1864 Hercules
1012 1806 1144 1865 Gadibus
1170 1825 1285 1883 quoque
1309 1810 1458 1868 colebatur

340 1911 492 1994 (Valesius
511 1917 550 1974 ad
570 1915 654 1975 Cass.
670 1916 795 1974 Dionem
812 1918 829 1974 7
834 1917 861 1973 7.
879 1917 919 1975 20
940 1910 1040 1993 extr.);
1061 1918 1122 1974 illic
1142 1937 1229 1993 quum
1244 1920 1367 1996 Augusti
1385 1928 1456 1978 tem·

339 2048 408 2104 pore
433 2027 569 2085 victimae
594 2028 744 2096 deessent,
771 2046 853 2084 avem
880 2021 1072 2104 (coturnicem
1096 2022 1247 2105 nimirum)
1273 2029 1456 2088 advolantem

339 2139 414 2197 ultro
434 2138 578 2196 sacerdoti
599 2157 631 2195 se
649 2138 686 2195 ad
704 2138 912 2196 immolandum
932 2139 1074 2215 obtulisse
1090 2136 1229 2197 Claudius
1244 2138 1455 2215 Neapolitanus

339 2269 383 2326 ap.
399 2251 511 2325 Porpb.
527 2250 564 2307 de
578 2251 653 2308 abst.
673 2253 699 2306 1.
717 2250 756 2307 15
772 2257 879 2307 narrat.

399 2361 485 2418 Haec
505 2360 594 2437 igitur
616 2361 755 2431 barbara3
777 2361 866 2417 ardea
887 2369 984 2418 nutem
1006 2361 1203 2420 Romanorum
1224 2361 1339 2420 videtur
1359 2363 1456 2422 hostia

339 2471 447 2529 rustica
466 2471 567 2529 fnisse.
597 2471 632 2527 In
647 2471 751 2547 Begeri
772 2471 848 2528 enim
868 2471 999 2529 thesauri
1013 2473 1142 2530 Palatini
1162 2472 1275 2529 delectu
1294 2493 1318 2531 s.
1333 2474 1455 2551 gemmis

339 2591 366 2640 et
379 2582 565 2640 numismatis
580 2581 674 2639 Musei
690 2581 949 2658 lleidelbergensis
966 2576 1118 2658 (Heidelb.
1135 2583 1214 2640 1785
1230 2583 1249 2640 f.
1268 2576 1355 2659 max.)
1376 2603 1453 2640 num.

339 2696 375 2753 43
389 2715 418 2771 p.
431 2692 490 2752 102
506 2693 625 2751 Faunus
641 2699 670 2750 et
681 2691 783 2750 Fauna
798 2693 851 2751 sub
866 2694 969 2751 arbore
984 2702 1051 2751 ante
1063 2692 1233 2771 flagrantem
1248 2713 1327 2751 aram
1343 2693 1453 2766 sedent,

338 2806 443 2879 quibus
451 2802 574 2880 Satyrus
588 2804 712 2861 hoedum
729 2805 855 2862 occisum
871 2804 969 2874 offert3
985 2804 1104 2863 Faunus
1120 2812 1217 2863 autern
1232 2824 1319 2862 manu
1335 2805 1456 2862 sinistra

338 2917 453 2973 ardeam
474 2921 606 2972 necatam
627 2915 713 2971 tollit.
751 2914 817 2973 Non
837 2915 969 2985 ardeam,
997 2916 1048 2972 sed
1068 2916 1192 2973 hoedum
1218 2916 1312 2973 solum
1336 2923 1456 2992 propter

338 3025 495 3084 secundum
506 3025 665 3083 volucrium
676 3034 810 3084 venatum
824 3026 981 3084 sacrificari
994 3044 1151 3097 censerem,
1165 3027 1222 3085 nisi
1234 3034 1309 3085 teste
1322 3026 1455 3086 Starckio

339 3138 367 3194 in
379 3136 526 3197 Gerhardi
541 3135 638 3194 indice
652 3137 832 3214 archaeolog.
849 3157 875 3196 a.
893 3138 972 3196 1853
992 3157 1021 3213 p.
1036 3138 1095 3195 367
1113 3138 1259 3195 caelatura
1274 3138 1369 3195 Musei
1382 3141 1455 3195 Ave-

338 3247 491 3307 nionensis
514 3246 630 3322 lapidea
652 3265 729 3305 num.
750 3250 786 3304 31
809 3249 883 3305 bene
906 3248 1020 3321 sculpta
1042 3248 1170 3323 puellam
1191 3247 1357 3323 praeberet,
1381 3266 1455 3320 quae

339 3378 419 3416 avem
434 3358 599 3433 aquaticam
614 3357 703 3414 ferret
716 3358 788 3414 deae
802 3357 888 3414 alicui
905 3350 1103 3438 κουροτρόφῳ.

400 3468 487 3543 Quae
506 3467 546 3525 sit
564 3468 641 3536 avis,
662 3486 749 3543 quam
772 3468 906 3525 sacerdos
927 3466 965 3523 ad
983 3486 1063 3523 aram
1085 3466 1235 3523 incensam
1254 3464 1405 3524 admoveat
1423 3467 1453 3523 in

336 3578 450 3636 Hertzii
461 3577 659 3635 Londinensis
670 3597 785 3654 gemma
796 3577 911 3636 Graeca
923 3597 1000 3635 num.
1011 3578 1091 3635 1008
1108 3569 1204 3654 (catal.
1218 3576 1262 3633 ed.
1281 3575 1338 3635 Gn.
1346 3576 1455 3633 ‘Koner

336 3689 463 3747 Londin.
477 3689 567 3747 1851.
582 3688 628 3746 ch.
643 3690 661 3745 4
677 3708 705 3764 p.
721 3683 787 3765 50),
804 3696 878 3746 teste
894 3689 1012 3746 Konero
1028 3687 1154 3745 discerni
1170 3687 1279 3760 nequit.

398 3796 605 3868 Ostendimus,
621 3806 737 3875 praeter
751 3799 913 3875 singularia
926 3799 1068 3873 quaedam
1084 3815 1181 3866 sacra,
1197 3797 1227 3853 in
1240 3796 1345 3872 quibus
1357 3799 1455 3855 omnia

336 3909 506 3968 animalium
527 3928 635 3986 genera
656 3918 921 3979 concremarentur,
952 3928 970 3965 a
992 3908 1114 3967 Graecis
1137 3908 1337 3982 Romanisque
1358 3908 1454 3985 gallos

335 4020 520 4096 gallinasque
534 4038 600 4077 esse
620 4020 811 4090 sacrificatoS,
834 4040 928 4095 neque
948 4019 1042 4076 solum
1063 4019 1119 4076 diis
1139 4019 1273 4088 medicis,
1295 4019 1347 4076 sed
1367 4018 1455 4075 etiam

336 4130 504 4189 numinibus
519 4130 678 4188 minoribus
693 4138 722 4187 et
737 4149 755 4186 a
769 4130 946 4206 pauperibus
958 4130 1124 4189 hominibus
1137 4130 1224 4187 ctiam
1236 4129 1376 4186 maiorum
1388 4129 1454 4185 deo·

336 4261 397 4299 rum
412 4240 543 4298 familiae
549 4260 557 4311 3
579 4234 696 4298 easdem
710 4240 841 4299 volucres
857 4242 894 4297 ad
910 4258 992 4298 sacra
1008 4240 1121 4317 magica
1136 4257 1201 4297 esse
1221 4238 1380 4306 adhibitas3
1404 4256 1454 4292 an-

336 4369 415 4410 seres
430 4369 558 4425 avesque
572 4351 766 4427 Meleagrides
782 4351 811 4406 in
828 4350 953 4409 Graecia
967 4350 1174 4427 Aegyptiorum
1197 4356 1309 4405 tantum
1329 4347 1454 4402 numini-

336 4460 388 4521 bus
404 4468 549 4519 crematas
565 4480 630 4519 esse
636 4482 644 4531 3
660 4461 806 4535 palumbis
822 4460 951 4520 Graecos
967 4460 1153 4518 abstinuisse.
1177 4456 1302 4515 Romani
1317 4475 1384 4513 vero
1400 4457 1454 4514 sub

335 4572 563 4649 Imperatoribus
583 4588 703 4630 anseres
726 4569 814 4627 etiam
835 4570 937 4639 Marti,
963 4571 1116 4644 palumbos
1142 4567 1250 4624 Veneri
1276 4567 1454 4638 mactabant,

1222 4677 1252 4728 13
