3592 5400
395 495 457 562 220
801 520 1044 564 auurrnueuruu
1064 522 1105 563 ιν.

393 674 572 748 felicitatem.
602 671 689 748 Quod
703 672 734 729 in
749 681 828 732 terra
841 675 988 748 quondam
1001 675 1109 733 facturn
1125 674 1178 745 sit,
1200 677 1256 734 hoc
1274 694 1394 754 semper
1406 678 1471 736 fieri
1484 679 1514 737 iu

395 785 569 843 caeloPlato
580 784 746 843 Phaedonis
759 802 822 860 cap.
833 786 872 844 57
888 805 917 860 p.
935 786 1020 844 108b
1035 786 1135 844 fabula
1144 786 1293 862 perhibet3
1309 789 1516 867 quigeuiiani·

393 915 458 954 maa
469 895 618 954 hominum
634 903 769 972 exceptas
784 904 853 972 post
866 905 988 954 mortem
1003 896 1042 954 ad
1055 897 1120 955 loca
1131 897 1271 957 caelestia
1281 899 1455 975 perducant,
1466 919 1516 959 eos

394 1007 528 1066 recedere
539 1008 577 1064 ab
588 1006 703 1082 animis,
716 1007 742 1065 si
753 1024 828 1082 quac
840 1007 1025 1084 cupidinibus
1036 996 1169 1066 trahatur
1179 1009 1216 1066 ad
1228 1008 1268 1080 id,
1280 1011 1360 1086 quod
1371 1018 1457 1088 turpe
1467 1011 1517 1070 sit.

457 1117 542 1193 Quae
556 1116 619 1175 illis
630 1117 662 1174 in
674 1117 780 1175 sabulis
791 1118 912 1175 numina
922 1118 993 1175 dicit
1003 1125 1033 1176 et
1044 1125 1126 1176 extra
1136 1119 1249 1178 animas
1259 1121 1412 1179 hominum
1422 1122 1516 1198 ponit,

394 1247 444 1288 eas
459 1228 535 1286 vires
547 1227 664 1304 proprie
675 1228 837 1287 animarum
849 1247 916 1287 esse
926 1228 958 1286 in
969 1228 1036 1287 aliis
1047 1230 1185 1287 declarat.
1213 1228 1348 1290 Convivii
1360 1233 1458 1308 capite
1466 1233 1516 1306 28,

394 1360 423 1416 p.
440 1339 499 1398 202
513 1357 544 1409 e,
565 1338 712 1409 Diotima,
732 1338 752 1398 i.
769 1358 794 1396 e.
810 1339 898 1398 Plato
913 1339 950 1397 ad
964 1340 1213 1418 Pythagoreorum
1226 1341 1337 1417 placita
1351 1361 1436 1400 suam
1451 1361 1517 1402 sen·

394 1450 516 1508 tentiam
532 1468 712 1520 superaras,
732 1451 775 1507 ita
788 1449 931 1525 loquitur:
952 1445 1004 1506 καὶ
1023 1444 1081 1534 γάρ
1101 1454 1161 1509 πᾶν
1179 1444 1216 1507 τὸ
1233 1434 1387 1534 θειιμάνιον
1402 1439 1517 1536 μεταξύ

395 1556 458 1618 ἐστι
473 1551 541 1617 θεοῦ
556 1576 592 1617 τε
607 1555 658 1616 καὶ
673 1552 813 1625 θνητοῦ..
829 1558 989 1643 ἑρμηνεῦον
1004 1555 1055 1617 καὶ
1071 1545 1288 1644 θιατορθριεῦον
1303 1554 1381 1632 θεοῖς
1395 1558 1437 1621 τά
1450 1556 1517 1647 παρ’

394 1662 557 1752 ἀνθρώπων
578 1663 629 1726 καὶ
650 1662 813 1752 ἀνθρώποις
831 1664 872 1728 τά
891 1664 973 1753 πάρά
991 1675 1054 1728 τῶν
1069 1664 1161 1748 θεῶν,
1183 1676 1245 1730 τῶν
1260 1664 1317 1756 μέν
1330 1666 1387 1743 τάς
1402 1658 1517 1743 δεήσεις

395 1775 446 1838 καὶ
461 1772 576 1856 θυσίαις,
592 1783 654 1838 τῶν
666 1764 700 1838 di
710 1774 765 1850 τάς
777 1766 923 1851 ἐπιτάξεις
932 1799 968 1839 τε
979 1776 1030 1839 καὶ
1041 1777 1169 1865 ἀμοιβάς
1178 1786 1241 1840 τῶν
1253 1775 1374 1841 θυοτῶν·
1390 1780 1423 1842 ἐν
1435 1777 1516 1868 μέσῳ

395 1875 433 1949 di
450 1882 483 1948 ὂν
503 1886 672 1975 ἀμφότερον
693 1890 875 1975 συμπληροῖ,
897 1887 975 1950 ὥστε
994 1887 1031 1950 τὰ
1046 1897 1106 1950 πάν
1121 1886 1196 1950 acro
1211 1892 1295 1971 αθτῷ
1310 1877 1517 1962 ξυνθεθέσθοιι·

395 1986 446 2061 li&
459 1995 569 2061 τούτου
589 1997 640 2060 καὶ
660 2002 679 2069 ἡ
701 1997 831 2087 μαντικὴ
850 2007 935 2063 πάοοι
953 2009 1045 2087 χωρεῖ
1057 1998 1109 2061 καὶ
1123 2004 1143 2071 η
1157 2007 1218 2062 τῶν
1233 1997 1335 2087 ἱερέων
1348 1997 1443 2088 τέχνη
1455 2009 1518 2064 τῶν

394 2131 429 2172 τε
443 2110 509 2198 περὶ
523 2109 578 2185 τάς
594 2107 694 2183 θυσίας
709 2109 760 2170 καὶ
774 2107 829 2183 τάς
839 2108 966 2184 τελετάς
977 2110 1028 2173 καὶ
1039 2108 1094 2183 τάς
1108 2099 1228 2192 ἐπῳθάς
1241 2109 1293 2173 καὶ
1303 2109 1517 2199 τηνμαντείοιν

393 2230 493 2285 πᾶσαν
508 2221 559 2283 καὶ
574 2220 723 2310 γοητείαν.
746 2217 811 2293 θεὸς
826 2208 860 2282 di
875 2218 1022 2308 ἀνθρώπῳ
1037 2222 1072 2284 οὐ
1088 2220 1235 2310 μίγνυται.
1256 2226 1443 2286 Daemonum
1453 2228 1517 2288 illo-

394 2359 458 2396 rum
473 2357 562 2396 unum
578 2355 644 2396 esse
658 2338 796 2394 Amorem
804 2335 829 2393 θ.
864 2335 953 2394 Hunc
972 2336 1014 2394 ita
1031 2344 1133 2413 postea
1152 2337 1306 2409 describit,
1326 2346 1360 2396 ut
1375 2332 1526 2417 appareat

394 2451 431 2507 de
445 2448 536 2511 animi
549 2448 659 2507 viribus
675 2466 741 2506 esse
756 2465 928 2506 sermonem.
957 2448 1062 2523 Itaque
1076 2449 1202 2508 medium
1216 2448 1329 2524 aliquid
1342 2449 1422 2508 inter
1432 2451 1515 2508 deum

394 2570 423 2620 et
435 2580 556 2638 corpora
567 2560 717 2618 terrestria
727 2559 1108 2637 intercedere-Pythagoreis
1119 2543 1264 2633 concedit3
1279 2560 1432 2619 hominum
1442 2580 1516 2619 mor-

395 2681 508 2733 tuorum
528 2673 582 2732 has
602 2691 668 2731 esse
688 2671 801 2731 animas
821 2691 879 2730 non
900 2670 1046 2741 concedit,
1068 2669 1120 2729 sed
1140 2689 1207 2731 essa
1223 2671 1268 2744 id,
1288 2672 1374 2748 quod·
1386 2673 1514 2733 divinum

395 2806 478 2845 mens
493 2787 620 2843 humana
635 2784 798 2856 contineat,
819 2784 895 2854 sive,
916 2790 949 2841 ut
962 2782 1077 2841 Timaei
1092 2803 1121 2860 p.
1138 2785 1176 2841 41
1194 2803 1247 2860 per
1260 2783 1391 2842 fabulam
1407 2785 1516 2864 signifi-

396 2905 457 2967 cat,
472 2896 517 2966 id,
532 2896 609 2972 quod
625 2915 661 2953 ex
675 2902 779 2954 natura
793 2894 892 2953 divina
906 2895 935 2951 iu
952 2912 1073 2970 corpora
1087 2894 1238 2951 nascentia
1252 2894 1371 2965 influat,
1391 2914 1429 2954 ex
1442 2916 1515 2954 mor-

396 3007 454 3065 tuis
470 3007 581 3064 refluat.
611 3004 689 3063 Nam
708 3006 739 3062 in
761 3006 883 3063 Timaeo
903 3005 1035 3081 Iuppiter
1053 3005 1092 3062 ad
1109 3004 1206 3066 modia
1223 3004 1278 3063 illa
1296 3006 1419 3065 numina
1432 3007 1515 3065 dicit:

396 3108 478 3201 ὑμεῖς
493 3100 698 3200 ἀπεργάζεσθε
713 3100 778 3192 ζῷα
792 3110 844 3171 καὶ
858 3119 984 3199 γεννάτε
997 3110 1130 3195 (spiritus
1142 3116 1219 3174 enim
1231 3116 1345 3176 divinus
1357 3136 1447 3194 quum
1458 3138 1515 3175 ma-

396 3230 486 3287 teriae
500 3228 632 3298 formam,
648 3227 805 3297 rationem,
822 3227 912 3285 vitam
927 3228 1050 3298 tribuat,
1069 3227 1154 3304 quasi
1170 3234 1249 3285 creat
1262 3223 1436 3307 animantia)
1450 3245 1515 3311 τρο-

397 3334 454 3425 ρῆν
468 3357 502 3399 τε
518 3322 650 3409 littora
665 3323 810 3407 αὐξάνετε
825 3331 951 3417 (ingenio
966 3356 1070 3415 corpus
1084 3338 1209 3416 regitur,
1224 3339 1343 3417 ingenio
1358 3339 1453 3399 victus
1467 3359 1515 3417 pa-

397 3446 487 3531 ratur)
503 3446 554 3509 καὶ
568 3442 711 3532 ρθίνοντει
724 3443 815 3508 πάλιν
829 3434 961 3531 θέχεσθε.

460 3564 495 3621 In
505 3564 673 3621 Phaedonis
685 3582 748 3638 cap.
763 3562 801 3620 57
818 3581 847 3636 p.
863 3561 921 3619 107
931 3561 950 3618 d
961 3579 1050 3636 quum
1061 3560 1202 3639 genius,
1219 3557 1236 3618 ὁ
1247 3557 1378 3619 ἑκάστου
1390 3546 1515 3647 δαίμων,

397 3668 486 3758 ὅσπερ
502 3660 603 3744 ζῶντά
618 3667 744 3755 εἰλήχει,
764 3672 796 3730 in
816 3672 917 3731 fabula
933 3672 1335 3743 commemoretur,·fabulam
1350 3681 1421 3731 sunt
1435 3674 1516 3732 multi

397 3785 498 3843 secuti.
532 3777 595 3841 Καὶ
615 3775 870 3866 Ἀριστοτέλης
891 3766 1011 3865 δαίμοσι
1031 3773 1193 3864 κεγρῆσθοιι
1211 3775 1326 3851 πάντας
1346 3776 1516 3867 ἀνθρώπους

397 3888 495 3978 λέγει,
522 3898 752 3976 συνομοιρτοῦσιν
779 3891 879 3962 αὐτοῖς
893 3886 982 3975 ’παρά
1002 3886 1056 3949 τὸν
1076 3885 1181 3974 χρόνον
1201 3897 1256 3962 τῆς
1278 3888 1516 3976 ἑνοωμοιτώσεως

399 3999 540 4084 (Isidorus
555 4003 696 4062 Basilidis
716 4005 876 4080 discipulus
891 4024 994 4063 comm.
1014 4007 1027 4061 1
1045 4003 1083 4061 ad
1097 4005 1271 4080 prophetam
1284 4005 1462 4064 Parchorem
1476 4006 1515 4064 al·

398 4117 475 4175 latus
491 4114 755 4173 aLommatzschio
768 4113 969 4192 adOrigenem
980 4115 1044 4174 adv.
1055 4112 1174 4173 Celsum
1187 4116 1215 4186 8,
1229 4106 1292 4193 34).
1315 4115 1391 4174 Item
1404 4115 1514 4177 Stoici

398 4222 522 4307 (Seneca
541 4226 627 4302 epist.
646 4227 715 4286 110.
735 4225 851 4284 Arrian.
872 4226 904 4283 in
924 4226 1022 4302 Epict.
1046 4229 1085 4296 1‚·
1097 4218 1162 4304 14).
1183 4226 1232 4284 ·In
1252 4226 1412 4286 Phaedone
1431 4228 1515 4307 igitur

399 4357 579 4397 communem
594 4338 630 4396 de
644 4337 739 4415 geniis
755 4336 921 4413 opinionem
936 4330 1076 4413 sequitui.
1107 4329 1232 4415 (Lysias
1246 4356 1287 4396 or.
1303 4338 1365 4395 iun.
1386 4356 1450 4416 cap.
1468 4338 1510 4396 16.

398 4448 559 4507 Menander
571 4449 607 4506 fr.
623 4450 680 4507 inc.
701 4450 737 4508 18
753 4448 843 4507 Mein.
860 4453 888 4505 et
910 4465 984 4523 quos
998 4448 1233 4525 Lindenbrogius
1255 4446 1460 4509 ad'Censorin.
1479 4448 1511 4505 de

466 4569 479 4598 *
496 4568 636 4625 Nominato
654 4567 772 4624 convivio
790 4567 854 4623 haec
871 4568 965 4639 repetit
980 4567 1035 4621 iero
1051 4567 1153 4638 Apulei.
1171 4568 1203 4623 de
1220 4568 1269 4623 deo
1286 4568 1360 4624 Scor.
1374 4584 1435 4641 cap.
1447 4568 1469 4621 6.
