3592 5400
766 637 875 683 οοτιιι.
1267 624 1305 685 41

335 832 403 895 τῶν
434 832 590 896 τοιούτων
622 828 766 915 σφοδρῶς
797 829 1043 914 ἀποφαίνεσθαι
1074 834 1116 912 μὴ
1150 828 1307 906 πολλάκις

336 968 585 1054 ἐπεσκεμμένον.
619 971 665 1033 Τὸ
695 968 808 1052 μέντοι
835 967 1070 1054 διηπορηκίναι
1096 971 1146 1054 ἐφ’
1171 975 1307 1036 ἑκάστου

336 1108 447 1174 αὐτῶν
479 1108 537 1173 οὐκ
560 1112 723 1195 ἄχρηστόν
753 1107 832 1173 ἔστι·
858 1109 919 1175 cfr.
940 1114 970 1176 ei
993 1110 1077 1175 Vere.
1100 1109 1138 1175 V.
1160 1111 1196 1175 L.
1219 1109 1308 1176 Unde

336 1271 374 1314 ex
396 1249 566 1336 conjectura
588 1247 704 1314 hiatum
726 1247 861 1336 supplevi
882 1252 947 1330 μὴν
971 1246 1045 1313 οὐδὲ
1071 1247 1253 1334 διαπορεῖν.

381 1524 460 1592 Ibid.
490 1524 559 1591 Lin.
591 1528 619 1592 7.
650 1525 717 1591 MS.
749 1529 803 1591 καί
835 1527 870 1592 ἐν
902 1531 970 1602 τοῖς
1001 1529 1073 1613 περί
1098 1529 1154 1593 τοῦ
1177 1529 1307 1607 ἀγαθοῦ

338 1664 390 1731 δεῖ
410 1673 594 1749 μεμνῆσθαι
618 1669 799 1751 ἄνθρωπον
824 1668 906 1731 ὄντα
930 1666 966 1731 οὐ
985 1670 1109 1750 μόνον.
1126 1715 1134 1730 .
1150 1665 1170 1730 .’
1175 1714 1305 1731 ......

298 1789 300 1791 1
340 1853 446 1869 .....
473 1807 527 1870 καί
558 1808 614 1871 τὸν
637 1805 891 1872 ἀποδεικνύντα.
917 1807 1009 1873 Liber
1030 1807 1066 1872 de
1089 1807 1176 1873 Bono
1198 1831 1308 1875 memo·

337 1951 420 2011 ratur
449 1946 538 2010 eiiam
569 1943 605 2010 ab
635 1951 755 2011 auctore
785 1948 945 2032 Anonymo
976 1948 1054 2012 vitae
1082 1948 1207 2013 Aristot.
1239 1954 1309 2014 eta

338 2085 476 2172 Diogene
505 2085 604 2149 La'e‘ri.
637 2085 669 2148 in
701 2085 763 2149 viia
793 2085 886 2151 Arist.
917 2085 978 2151 eft.
1002 2086 1032 2150 1.
1055 2086 1188 2174 Theoph.
1210 2087 1309 2153 Buhle

249 2295 253 2301 ,
337 2225 463 2290 Aristot.
485 2245 573 2311 opera
595 2224 694 2289 omnia
713 2220 836 2311 Bipo'nti
857 2226 952 2290 1791.
972 2224 1006 2290 Τ.
1027 2226 1052 2290 1.
1072 2248 1099 2312 p.
1120 2231 1162 2290 62
1174 2232 1242 2313 etp.
1257 2230 1307 2292 20.

336 2363 497 2428 Caeterum
527 2363 559 2426 in
589 2362 674 2428 Vere.
707 2361 744 2427 V.
766 2363 801 2428 L.
836 2365 960 2449 Oportet
981 2365 1139 2430 reminisci
1160 2366 1308 2430 bominem

337 2505 514 2569 existentem
537 2524 596 2569 κον
615 2503 711 2569 coium
730 2503 801 2570 bene
809 2505 1011 2589 fortunatum
1030 2504 1086 2568 sed
1101 2505 1309 2570 demonstran·

337 2651 408 2710 tom:
443 2643 545 2729 itaque
579 2642 692 2709 Graeca
720 2642 778 2709 hoc
806 2643 895 2710 modo
930 2643 1112 2710 restituenda
1142 2649 1227 2710 sunt:
1259 2642 1309 2709 δεῖ

336 2789 522 2866 μεμνῆσθαι
546 2786 727 2868 ἄνθρωπον
748 2785 829 2848 ὄντα
854 2782 890 2846 οὐ
907 2786 1008 2865 μόνον
1027 2781 1205 2865 εὐδαίμονα
1222 2781 1307 2848 ἀλλὰ

338 2924 393 2985 καὶ
414 2920 669 2987 ἀποδεικνύντα.
690 2922 795 2987 Simile
814 2922 888 3008 quid
909 2921 998 2988 habet
1017 2923 1194 2990 Aristoteles
1205 2923 1306 2990 ethio.

338 3060 442 3150 Magn.
469 3062 497 3127 I.
523 3065 552 3126 4.
580 3062 615 3126 ἐν
644 3066 750 3146 χρήσει
775 3063 888 3127 τοίνυν
913 3064 979 3127 τινί
1004 3066 1046 3128 ἂν
1072 3062 1121 3146 εἴη
1145 3065 1200 3126 καὶ
1221 3065 1307 3149 ἐνερ-

338 3201 410 3281 μείρι
439 3206 459 3281 ἡ
488 3198 680 3282 εὐδαιμονία
707 3206 737 3266 et
764 3200 889 3266 inferius
917 3207 972 3282 τῆς
1001 3198 1126 3275 τελείας
1149 3200 1307 3286 ἀρετῆςὴ

339 3337 486 3424 ἐνέργεια
510 3337 713 3420 εὐδαιμονία.
739 3338 818 3406 Ibid.
841 3340 883 3405 Π.
911 3342 963 3406 10.
985 3346 1006 3420 η’
1029 3341 1090 3424 γὰρ
1115 3338 1306 3422 εὐδαιμονία

340 3479 427 3543 ἐστὶν
452 3474 611 3562 ἐνέργεια.

381 3755 458 3821 Ibid.
490 3754 557 3820 Isin.
589 3758 639 3820 10.
671 3756 726 3817 καὶ
751 3755 785 3819 ἐν
810 3760 877 3829 τοῖς
902 3756 1031 3833 ἠθικοῖς
1055 3756 1305 3839 Νικομαχείοις·

339 3892 430 3978 φίλος
450 3895 509 3976 μὲν
530 3896 548 3956 ό
566 3891 664 3978 ἀνὴρ,
683 3890 761 3977 φίλη
775 3890 809 3956 δε
822 3898 843 3973 ἡ
854 3892 876 3955 ἀ
890 3940 1044 3955 .......
1059 3891 1180 3975 ἀμφοῖν
1194 3890 1228 3956 δὲ
1242 3893 1307 3960 MS.

338 4033 416 4099 Vide
434 4034 534 4120 ipsum
553 4032 725 4099 Aristotelis
741 4031 839 4098 loeum
858 4034 891 4098 in
911 4031 987 4098 libro
1008 4034 1058 4098 cii.
1076 4032 1102 4098 J.
1122 4033 1228 4097 iinit.
1241 4035 1306 4115 ἄμ·
1371 4068 1373 4074 ‚

338 4179 412 4255 φοῖν
433 4174 494 4257 γὰρ
515 4174 627 4237 ὄντοιν
648 4169 758 4253 φίλοιν
775 4173 865 4237 ὅσιον
883 4178 1044 4256 προτιμᾶν
1058 4175 1117 4252 τὴν
1130 4169 1303 4250 ἀλήθειαν.

379 4447 457 4514 Ibid.
488 4447 558 4515 Lin.
591 4452 631 4513 12
663 4452 693 4514 ei
721 4470 800 4534 seqq.
835 4450 889 4512 καί
915 4449 950 4513 ἐν
973 4453 1040 4522 τοῖς
1062 4449 1233 4532 μετεώροις
1257 4433 1304 4512 ὧν
