3592 5400
446 555 458 564 ,
541 507 638 550 emur
651 508 683 549 11.
708 507 749 547 nu
764 505 921 548 arenosum
936 504 1045 547 romu.
1062 502 1214 546 ruuroua.
1392 482 1432 545 25

314 663 456 742 prooemii
475 681 594 721 suorum
613 661 645 719 in
660 661 695 718 ll.
711 660 884 719 scholiorum
906 658 990 716 initio
1010 658 1225 734 complectitur:
1247 640 1342 726 οὐδεὶς
1362 660 1434 740 γοῦν

315 769 386 833 οὔτε
401 777 463 831 τῶν
476 767 518 831 τὰ
533 756 898 855 ἄνωπεριεργαζομένων,
920 763 990 826 οὔτε
1004 772 1066 826 τῶν
1079 763 1146 850 περὶ
1165 761 1263 850 φύσιν,
1284 762 1355 826 οὕτε
1373 771 1435 826 τῶν

314 880 382 967 περὶ
395 872 480 957 ἦθος,
497 874 557 941 οὔθ’
574 881 677 952 ἁπλῶς
687 886 749 940 τῶν
759 877 825 963 περὶ
836 875 946 965 λόγους
959 866 1165 963 ἐξωτερικοίις,
1181 874 1298 948 ὁποίους
1310 869 1346 937 ἂν
1358 875 1435 937 εἴποι

314 1015 374 1069 τις,
394 986 531 1079 παρῆλθε
545 989 601 1060 τὴν
617 985 784 1076 Ὁμηρικὴν
799 987 909 1058 exauda
929 977 1173 1076 ἀξεναγώγητος,
1193 1010 1230 1049 ne
1244 991 1352 1066 Pythia
1372 992 1435 1066 qui·

314 1109 396 1177 dem,
412 1106 521 1181 inquit,
537 1113 588 1163 aut
602 1105 705 1162 medici
720 1112 771 1162 aut
786 1104 861 1162 alius
876 1103 1039 1178 quisquam.
1063 1104 1160 1178 Atque
1174 1102 1291 1161 eosdem
1302 1101 1434 1161 homines

313 1219 377 1276 vita
389 1216 512 1275 Homeri
525 1222 684 1274 enumerat.

380 1326 427 1386 Ne
441 1327 514 1385 illud
529 1327 646 1402 quidem
660 1327 766 1384 morari
781 1344 835 1384 nos
849 1331 961 1402 potest,
983 1325 1061 1399 quod
1079 1325 1156 1384 liber
1173 1325 1266 1383 multa
1280 1324 1316 1381 de
1330 1331 1435 1402 poetae

316 1439 393 1508 rita,
409 1438 547 1508 dialecto,
563 1437 679 1515 liguris,
691 1437 784 1512 tropis
796 1435 948 1494 continens
960 1443 1058 1493 tamen
1070 1435 1106 1493 de
1117 1436 1238 1493 Homeri
1249 1435 1436 1512 philosophia

316 1549 476 1623 inscriptus
492 1546 540 1606 sit.
568 1550 734 1624 Permagna
754 1547 832 1604 enim
846 1565 916 1624 pars
935 1546 972 1604 ad
987 1546 1116 1605 diversas
1132 1547 1334 1624 philosophiae
1348 1545 1434 1604 disci·

316 1660 415 1736 plinas
430 1659 571 1735 pertinet,
592 1659 750 1733 eodemque
764 1657 916 1715 reserenda
930 1664 998 1715 sunt
1012 1676 1047 1714 ea
1061 1675 1190 1732 quoque,
1211 1675 1285 1732 quae
1300 1658 1336 1715 de
1351 1676 1434 1733 repu-

317 1770 410 1840 blica,
431 1770 467 1827 de
486 1770 644 1839 rhetorice,
665 1770 700 1827 de
721 1770 807 1826 rebus
827 1767 958 1845 physicis
978 1768 1107 1842 —quod
1126 1769 1301 1826 medicorum
1321 1785 1435 1842 quoque

316 1882 391 1939 artis
415 1881 635 1938 fundamentum
660 1888 706 1938 est
728 1915 763 1923 —
786 1879 822 1936 de
846 1879 958 1936 artibus
983 1879 1108 1953 denique
1127 1879 1261 1936 omnibus
1287 1879 1436 1954 disputata

316 2000 394 2051 sunt.
422 1991 504 2049 Haeo
525 1992 602 2048 enim
621 1991 718 2048 omnia
737 1991 922 2066 philosophia
936 1990 1082 2048 veteribus
1104 1990 1258 2066 complecti
1272 1989 1433 2049 videbatur.

316 2104 420 2178 Itaque
435 2122 454 2160 a
468 2101 572 2178 potiori
587 2101 654 2159 libri
668 2101 747 2159 facta
762 2108 808 2159 est
822 2100 1029 2159 denominatio.

381 2213 495 2271 Accidit
514 2219 611 2270 tamen
631 2212 857 2282 Gildersleevio,
884 2219 917 2270 ut
935 2232 1023 2270 unam
1043 2232 1105 2270 rem
1123 2212 1340 2290 gravissimam,
1360 2232 1435 2289 quae

316 2324 478 2384 Schmidtio
489 2330 589 2399 posset
600 2323 702 2393 obiici,
715 2324 870 2380 omitteret.
891 2322 969 2381 Nam
980 2324 1011 2380 in
1022 2324 1074 2382 vit.
1086 2324 1173 2383 Hom.
1187 2343 1250 2400 oap.
1265 2327 1282 2382 3
1295 2325 1433 2401 legimus:

316 2428 400 2492 oillei
414 2428 496 2516 παρὰ
514 2438 578 2502 τοῖς
592 2428 742 2502 πλείστοις
760 2429 957 2491 πεπίστευται
971 2434 1132 2492 Homerum
1152 2429 1231 2517 parci
1250 2435 1303 2499 ἐτο
1325 2430 1434 2493 ἑκατὸν

316 2550 379 2603 τῶν
394 2538 536 2627 Τρωικῶν
551 2537 705 2628 γεγονέναι
726 2537 811 2621 (quae
825 2545 1032 2611 Eratosthenis
1053 2545 1228 2621 computatio
1249 2545 1305 2602 fuit
1318 2554 1434 2604 auctore

317 2656 455 2734 Syneello
470 2675 499 2733 p.
515 2655 584 2715 180.
597 2647 643 2733 d),
666 2652 700 2713 οὐ
719 2649 797 2713 πολὺ
817 2650 873 2738 πρὸ
893 2659 949 2724 τῆς
969 2647 1077 2725 θέσεως
1095 2659 1156 2713 τῶν
1176 2647 1365 2738 Ὀλυμπίων,
1385 2649 1434 2739 ἀφ’

314 2758 349 2838 ἧς
366 2766 382 2824 ὁ
398 2760 480 2824 κατὰ
495 2749 684 2848 ὀλυμπιάδας
698 2759 799 2849 γμόυος
815 2759 993 2850 ἀριθμεῖται.
1019 2769 1059 2826 At
1073 2788 1101 2844 p.
1119 2768 1155 2825 15
1171 2767 1310 2838 vidimus,
1330 2788 1349 2825 a
1362 2770 1434 2827 Por-

314 2880 420 2957 phyrio
441 2878 470 2934 in
491 2877 560 2935 hist.
578 2877 684 2951 philos.
700 2875 859 2936 Homerum
879 2898 938 2937 non
958 2887 1088 2949 centurn,
1112 2879 1164 2937 sed
1180 2879 1241 2937 275
1261 2880 1348 2937 annis
1368 2887 1435 2957 post

316 2991 437 3050 Troiam
453 2987 568 3064 captam
584 2988 659 3045 tradi
675 2996 775 3047 natum
791 3008 865 3049 esse.
889 2990 990 3050 Nihilo
1006 2996 1103 3048 tamen
1119 2991 1214 3049 secius
1226 2996 1340 3049 tantum
1351 2993 1435 3051 abest

315 3109 348 3159 ut
369 3101 477 3158 librum
500 3118 535 3156 ea
557 3118 589 3155 re
611 3099 770 3156 abiudicari
793 3120 811 3157 a
832 3102 996 3178 Porphyrio
1018 3102 1188 3171 concedam,
1217 3109 1250 3159 ut
1271 3101 1359 3159 etiarn
1381 3103 1435 3161 ali·

316 3217 426 3287 quanto
451 3216 519 3286 post
544 3209 696 3266 historiam
719 3211 924 3287 philosophiae
953 3212 1079 3289 scriptus
1104 3230 1170 3270 esse
1195 3212 1237 3269 ita
1255 3212 1346 3269 videri
1368 3232 1434 3289 pos-

317 3323 370 3391 sit,
398 3339 474 3395 quae
488 3338 553 3376 mea
573 3321 720 3378 sententia
745 3329 798 3379 est.
833 3320 911 3380 Nam
936 3342 966 3397 p.
983 3322 1019 3380 15
1042 3323 1277 3395 commemoravi,
1304 3323 1335 3380 in
1351 3324 1434 3381 libris

316 3434 381 3491 adv.
403 3429 587 3489 Christianos
610 3430 690 3487 etin
715 3432 859 3489 chronicis
881 3432 1074 3507 Porphyrium
1097 3432 1171 3490 alios
1193 3438 1326 3490 auctores
1348 3452 1435 3507 quam

316 3550 405 3601 antea
424 3542 456 3599 in
477 3540 655 3617 temporibus
678 3527 890 3600 constituendo
913 3560 979 3601 esse
1001 3549 1146 3600 secutum:
1173 3542 1268 3618 potuit
1289 3543 1379 3620 igitur
1399 3545 1434 3602 de

316 3651 439 3711 Homeri
450 3658 547 3708 aetate
558 3658 628 3708 tune
638 3652 864 3710 Eratosthenem
877 3646 900 3729 (1
914 3651 959 3711 cf.
971 3653 1070 3711 Lauer
1076 3653 1196 3711 Homer.
1205 3652 1310 3711 Poesie
1322 3674 1350 3730 p.
1363 3646 1434 3732 121)

316 3764 449 3839 probare.

381 3872 460 3946 Quid
474 3870 562 3929 vero?
590 3869 622 3930 Si
637 3880 752 3930 eentum
767 3875 853 3933 aunis
873 3882 941 3950 post
955 3874 1075 3933 Troiam
1089 3873 1215 3932 dirutam
1233 3882 1320 3951 poeta
1335 3892 1435 3934 nasce-

315 3984 410 4054 batur,
422 4001 493 4040 num
504 3983 559 4040 hoe
570 3984 607 4040 ab
619 3983 833 4058 olympiadibus
848 3985 1061 4044 constituendis
1074 3986 1176 4063 exiguo
1187 3986 1327 4062 temporis
1340 3987 1435 4063 spatio

315 4092 463 4151 distabat?
493 4091 621 4168 Nempe,
643 4094 668 4151 si
684 4111 748 4150 cum
763 4093 970 4154 Alexandrinis
985 4114 1012 4152 a.
1028 4098 1108 4154 1184
1124 4098 1224 4155 urbem
1240 4103 1353 4172 captam
1370 4115 1435 4154 esse

316 4222 483 4273 censemus,
513 4202 572 4261 317
595 4201 665 4259 anni
685 4203 917 4276 intercedebant3
944 4206 990 4264 sin
1011 4225 1038 4263 a.
1059 4207 1139 4265 1208
1160 4223 1225 4263 cum
1244 4206 1434 4282 Theopompo

314 4320 403 4387 atque
417 4314 551 4388 Ephoro,
572 4331 644 4388 quos
661 4314 745 4371 eade
760 4334 791 4371 re
805 4316 1001 4392 Porphyrium
1015 4316 1045 4372 in
1061 4316 1207 4375 chronicis
1223 4322 1353 4373 secutum
1368 4334 1434 4375 esse

316 4422 350 4490 C.
366 4424 492 4481 Mueller
511 4424 541 4479 in
560 4422 662 4501 fragm.
683 4424 751 4483 hist.
771 4425 823 4485 Gr.
843 4427 888 4486 ΙΠ
907 4447 936 4502 Ρ.
952 4427 1009 4484 691
1033 4426 1222 4483 annotatione
1241 4441 1276 4481 ex
1297 4424 1434 4502 Syncello

315 4534 501 4609 Eusebioque
522 4541 752 4611 argumentatur,
772 4537 820 4594 vel
836 4538 894 4596 341
913 4555 1054 4594 annorum
1073 4535 1230 4593 discrimen
1245 4541 1301 4596 est.
1331 4538 1434 4611 Itaque
