3592 5400
347 469 388 533 80
623 489 718 531 CAPUT
734 490 761 530 V·
784 490 826 531 DE
842 489 1046 533 ORACULORUM
1060 490 1184 533 ueram.

298 716 301 722 Ι
345 643 510 703 Lobeckius
530 649 627 701 autem
645 643 712 719 Agl.
734 642 794 700 852
815 649 876 699 not.
896 642 1080 700 taeterrimos
1102 642 1159 700 duo
1179 643 1364 702 hexametros
1384 645 1460 720 poesi

347 771 446 812 sacrae
467 753 556 810 animi
578 769 667 810 causa
686 751 832 829 supponit.
862 754 903 810 At
923 752 1138 809 consideremus
1161 749 1356 810 Oenomaum.
1386 753 1461 812 Isin

345 857 463 946 γοήτων
479 867 564 945 φωρᾷ
578 881 625 938 ap.
641 863 750 920 Euseb.
765 881 866 938 praep.
883 881 927 920 ev.
945 862 973 920 5.
991 862 1030 920 20
1045 861 1241 920 Aristomachi
1261 864 1411 921 oraculum
1426 864 1464 921 ita

344 973 447 1030 tradit:

547 1052 628 1120 νίκην
645 1074 690 1113 σοι
706 1051 838 1136 φαίνουσι
854 1046 917 1112 θεοὶ
932 1039 968 1112 δι’
983 1039 1066 1112 ὁδοῖο
1086 1049 1260 1140 στενύγρων.

344 1161 406 1226 Καὶ
429 1161 479 1242 σύ,
500 1167 543 1224 ait
564 1167 601 1224 ad
621 1166 800 1242 Apollinem,
825 1165 909 1246 ἔρης·
929 1157 979 1222 Ού
1001 1160 1082 1222 κατὰ
1104 1169 1162 1248 γῆν
1183 1159 1265 1248 λέγοι
1289 1162 1464 1252 στενυγριίν,

345 1272 425 1335 ἀλλά
440 1271 521 1334 κατὰ
534 1271 590 1341 τὴν
606 1268 823 1359 εὐρυγάστορα,
838 1310 874 1318 -
888 1258 991 1339 ἐπειδὴ
1006 1269 1139 1356 χαλεπὸν
1153 1263 1190 1340 ἦν
1206 1275 1299 1334 εἰπεῖν
1315 1273 1399 1335 κατὰ
1412 1274 1464 1343 τὴν

345 1380 505 1446 θάλασσαν.
532 1387 610 1444 Hinc
630 1386 754 1462 primum
775 1394 911 1462 apparet,
930 1385 962 1440 in
976 1403 1061 1442 versu
1076 1385 1260 1444 scribendum
1279 1406 1349 1446 esse
1364 1405 1463 1446 στενο-

344 1502 429 1581 γρης,
444 1505 510 1562 tum,
521 1516 556 1554 ex
570 1496 760 1573 Apollodoro,
784 1516 842 1554 non
857 1495 1001 1572 integrum
1017 1496 1162 1552 oraculum
1178 1514 1197 1552 a
1211 1495 1324 1572 Oynico
1339 1517 1407 1558 esse
1421 1519 1463 1556 re·

344 1615 468 1684 ceptum.
493 1605 578 1680 Quod
592 1606 634 1662 ita
649 1605 779 1681 suppleri
793 1612 905 1681 potest,
921 1612 953 1661 ut
967 1605 1047 1680 prior
1061 1624 1162 1664 versus
1178 1607 1231 1664 sit:

497 1713 524 1772 εί
537 1733 585 1788 κε,
602 1708 718 1798 σπέρμα
732 1708 815 1788 Διύς,
833 1707 946 1794 κοίρπον
960 1709 1099 1796 τρίτατον
1113 1711 1288 1798 περιμείνῃς.

407 1828 560 1885 Postremo
575 1845 663 1901 quum
679 1824 846 1883 Oenomaus
861 1825 928 1901 ipsa
942 1825 1003 1895 dei,
1024 1843 1099 1899 quae
1113 1825 1294 1897 ferebantur,
1316 1830 1408 1887 verba
1421 1849 1462 1887 re-

343 1945 442 2014 petere
457 1937 564 2009 soleat,
579 1935 725 2012 posterius
741 1936 901 2004 oraculum,
923 1935 1076 1993 dummodo
1091 1935 1270 2011 temporibus
1287 1937 1356 1997 istis
1373 1959 1462 1997 remo·

344 2047 466 2106 tissimis
481 2047 554 2105 fides
569 2046 622 2117 sit,
644 2053 726 2122 patet
745 2064 833 2122 prosa
847 2045 978 2103 oratione
993 2063 1059 2103 esse
1079 2046 1230 2116 traditum,
1252 2026 1324 2105 item
1343 2057 1376 2106 ut
1390 2050 1461 2108 victo

344 2157 453 2216 Croeso
464 2157 572 2232 Pythia
586 2157 735 2231 antiquam
751 2175 834 2214 suam
844 2155 1081 2213 vaticinationem
1095 2175 1183 2232 prosa
1195 2157 1327 2215 oratione
1339 2160 1461 2236 explicat

343 2287 389 2344 ap.
405 2267 585 2325 Herodotum
602 2269 629 2324 1.
646 2268 695 2324 91.
880 2351 916 2409 17

405 2487 451 2546 Νο
467 2487 539 2545 illud
554 2487 668 2563 quidem
681 2486 827 2544 oraculum
838 2485 990 2560 Pythium,
1007 2506 1063 2562 quo
1075 2487 1301 2575 Lacedaemonii
1314 2483 1460 2572 ὀριοβύροι

342 2599 519 2658 vocabantur
534 2589 624 2675 (Plut.
640 2599 676 2655 de
691 2597 799 2673 Pythia
813 2615 875 2672 cap.
889 2597 929 2654 ‘24
944 2616 974 2672 p.
987 2598 1048 2655 406
1060 2590 1098 2674 e),
1114 2598 1291 2656 hexametris
1306 2600 1460 2673 procedere

342 2718 470 2786 poterat,
487 2709 538 2768 sed
553 2717 605 2766 aut
619 2709 724 2768 iambis
739 2716 789 2766 aut
804 2707 935 2765 oratione
950 2708 1054 2767 soluta.

767 2911 803 2976 B·
840 2911 1030 2972 Trochaei.

886 3052 913 3107 1.

405 3185 450 3245 Ad
464 3186 615 3243 trochaeos
631 3183 850 3243 transeuntibus
862 3202 963 3242 rursus
977 3183 1162 3242 manifestum
1178 3183 1285 3242 erroris
1297 3186 1458 3262 exemplum

342 3297 425 3355 nobis
441 3295 574 3355 occurrit.
598 3296 705 3353 Zenob.
718 3314 797 3371 prov.
812 3295 840 3352 5.
853 3286 908 3353 4³8:
925 3282 1030 3362 οὗτος
1045 3285 1157 3361 ἄλλος
1172 3284 1210 3349 'H
1216 3292 1337 3375 ρακλῆ
1343 3315 1363 3364 ς.
1380 3289 1458 3373 (Dio-

340 3407 455 3483 genian.
476 3410 501 3465 1.
520 3406 557 3464 63
579 3414 609 3463 et
623 3406 759 3477 Eustath.
781 3405 818 3462 ad
833 3405 868 3462 ll.
886 3405 915 3462 5.
934 3406 993 3463 638
1014 3395 1106 3472 ἄλλος
1126 3391 1212 3472 οὗτος
1227 3394 1284 3483 Ἠ.)
1305 3397 1459 3487 Κλέαρχος

340 3502 536 3600 ἐξηγούμενος
555 3510 610 3581 τὴν
629 3510 788 3598 παροιμίαν
808 3510 879 3596 ρησὶ
898 3557 926 3571 ..
947 3507 1000 3571 τύν
1015 3506 1121 3595 Τύριον
1137 3504 1288 3595 Ἠρακλέα
1307 3507 1408 3571 ἐλθεῖν
1422 3514 1459 3582 εἰς

340 3619 473 3708 Δελροὺς
498 3619 678 3709 χρησόμενον
703 3628 748 3701 τῷ
775 3620 919 3708 μαντείῳ·
943 3618 998 3681 ’τύν
1024 3607 1057 3680 δὲ
1083 3615 1151 3680 θεὸν
1172 3628 1343 3705 προσειπεῖν
1369 3619 1459 3681 αὐτὸν

340 3728 433 3793 ἄλλον
449 3728 614 3816 Ἡρακλέα·
629 3730 680 3791 καὶ
695 3728 775 3792 ούτω
789 3730 845 3800 τὴν
860 3728 1019 3817 παροιμίαν
1034 3737 1189 3815 κρατῆσαι.
1217 3736 1258 3790 At
1272 3728 1458 3792 vetustiorem

339 3846 460 3902 formam
475 3846 638 3903 Pausanias
654 3846 780 3903 servavit
798 3847 846 3904 10.
865 3846 913 3903 13.
931 3846 965 3901 4:

492 3946 583 4022 ἄλλος
598 3946 641 4034 ἄρ’
657 3946 822 4037 Ἠρακλέης
837 3946 1003 4036 Τιρύνθιος,
1019 3948 1084 4035 οὐχὶ
1098 3944 1269 4030 Κανωβεύς.

883 4150 911 4208 2.

402 4288 436 4346 In
458 4286 516 4346 alio
539 4287 654 4344 oraculo
676 4284 868 4343 Menandrum
891 4285 1144 4362 deprehendimus.
1181 4283 1327 4342 Zenobius
1352 4286 1381 4342 6.
1405 4286 1456 4342 15:

339 4390 468 4455 Ταῦτά
489 4416 545 4455 σοι
564 4392 624 4453 καὶ
644 4388 763 4453 Πύθια
784 4390 843 4452 καὶ
857 4384 975 4458 Δήλια
997 4389 1051 4473 (sic
1066 4397 1153 4453 etiam
1167 4393 1345 4471 Diogenian.
1362 4396 1390 4453 8.
1408 4396 1455 4452 35.

338 4499 761 4584 Apost01.15,9.16,17a):
784 4504 803 4572 ἠ
823 4500 967 4588 παροιμία
988 4503 1102 4587 εἴρηται
1121 4500 1249 4562 ἐπὶτῶν
1269 4497 1388 4561 ύστατα
1408 4499 1457 4559 καὶ
