3592 5400
392 475 433 540 94
693 496 789 540 φιρστ
805 496 844 540 vr.
868 494 1008 540 οιιιοιωι
1023 497 1202 541 scunrcnnn

391 644 473 723 Διός,
489 693 514 706 ..
529 646 579 706 καὶ
594 643 693 732 ἕτερον
708 649 742 708 ἐκ
753 643 896 708 Διονύσου
912 645 1016 724 πάλιν,
1032 645 1202 734 οὐλοκόμην
1218 638 1328 734 φράζον
1340 659 1509 736 προσειπεῖν

390 756 443 818 τὸν
459 753 533 819 θεόν.
557 748 642 842 Ὤφθ
680 744 777 818 δὲκαὶ
794 760 813 817 ό
827 751 937 844 Ἑρμῆς
952 806 958 818 .
974 805 980 818 .
996 757 1046 819 καὶ
1063 745 1144 838 άδων
1160 757 1253 820 αὐτόν
1267 758 1318 820 καὶ
1336 756 1509 848 γανόμενος,

391 872 430 941 ὡς
443 855 548 955 ῥᾳδίως
565 888 600 927 τε
621 865 671 927 καὶ
689 865 730 928 τά
744 864 934 954 προσήκοντα
954 857 1076 954 εἰρηκὼς
1091 859 1297 955 ἀφυπνιζόμην
1313 915 1320 939 .
1337 918 1345 932 .
1369 865 1509 932 Πλεῖστα

391 965 424 1040 δὲ
439 981 478 1050 εἰς
492 973 628 1066 Ἀπόλλω
642 999 677 1039 τε
693 977 744 1039 καὶ
758 972 938 1047 Ἀσκληπιόν
953 974 1076 1047 ἐποιηθη
1098 977 1180 1040 κατά
1194 976 1249 1052 τοὶς
1267 986 1328 1040 τῶν
1349 977 1510 1066 ὀνειράτων

389 1086 552 1166 ἐπιπνοίας,
566 1087 617 1149 καὶ
631 1085 747 1150 τούτων
761 1086 802 1149 τά
816 1087 917 1150 πολλά
931 1076 1038 1173 σχεδόν
1054 1087 1113 1150 άπὸ
1134 1086 1250 1176 μνήμης
1270 1088 1395 1166 οὑτωσί,
1416 1088 1509 1152 ὁπότε

390 1199 549 1287 αἰωροίμην
568 1197 616 1260 ἐπὶ
631 1205 689 1260 ,τοῦ
709 1187 832 1286 ζεύγους
845 1193 864 1268 ἢ
881 1199 932 1259 καὶ
947 1186 1096 1286 βαδίζοιμι
1111 1246 1118 1260 .
1133 1245 1140 1259 .
1153 1196 1215 1260 Καὶ
1230 1186 1267 1268 δὴ
1283 1198 1334 1260 καὶ
1349 1188 1509 1262 Μακεδόνι

390 1297 473 1396 ἀνδρὶ
493 1308 533 1370 ἑνὶ
551 1317 612 1370 τῶν
632 1316 844 1395 συμφοιτητῶν
864 1306 933 1396 ὄναρ
949 1308 1128 1397 γίγνεται..
1144 1296 1243 1371 ἐδόκει
1263 1306 1320 1396 γὰρ
1336 1297 1422 1389 ᾄδειν
1438 1309 1509 1397 ἐμόν

389 1427 515 1498 παιᾶνα,
531 1421 561 1481 ἐν
576 1411 600 1480 ὧ
615 1416 729 1488 ταύτην
742 1418 798 1488 τὸν
813 1417 971 1507 πρόσρησιν
987 1415 1073 1481 εἶναι·

687 1545 714 1615 nt
730 1542 844 1623 Παιάν,
859 1539 1026 1634 Ἥρακλες,
1041 1542 1207 1616 Ἀσκληπιέ.

452 1679 525 1738 Ibid.
542 1699 571 1756 p.
588 1678 648 1737 332
671 1671 736 1760 περὶ
754 1671 810 1743 τδν
830 1671 869 1734 ἕω
890 1673 942 1735 καὶ
961 1678 1005 1736 ἔτι
1027 1670 1138 1736 θᾶττον
1157 1675 1327 1760 ἀφικνεῖται
1349 1671 1431 1738 θεῖον
1447 1676 1509 1738 ἐπί-

389 1807 515 1875 γραμμα
529 1789 596 1871 ἔχον
611 1783 733 1846 οὑτωσί·

591 1908 636 1960 οὐκ
649 1905 740 1978 ἀφανὴς
752 1905 873 1974 Ἕλλησιν
886 1905 1034 1980 Ἀριστείδης
1047 1906 1146 1975 ἀνέθηκε

660 2002 743 2072 μύθων
757 1999 847 2053 ἀενάων
861 2003 962 2071 κύδιμος
974 2001 1081 2073 ἡνίοχος.

388 2166 395 2180 .
411 2166 417 2178 .
433 2165 440 2179 .
456 2114 540 2191 εὐθὺς
555 2107 605 2178 οὖν
620 2114 742 2205 εἰχόμην
757 2105 844 2202 ἀπρὶξ
858 2123 913 2177 τοῦ
929 2113 1155 2205 ἐπιγράμματος
1169 2119 1199 2177 ἐν
1209 2136 1245 2177 τε
1259 2124 1304 2197 τῷ
1320 2113 1402 2199 ὕπνῳ
1418 2116 1508 2206 γανό-

390 2249 475 2316 μενος
490 2227 540 2289 καὶ
554 2231 599 2288 ἔτι
614 2217 861 2314 ἀφυπνιζόμενος,
884 2227 1055 2312 ἐκμελετῶν
1070 2274 1076 2286 .
1093 2273 1099 2287 .
1115 2273 1121 2286 .
1142 2223 1182 2314 μη
1197 2222 1277 2310 λάθῃ
1299 2249 1337 2314 με
1353 2216 1506 2318 διαφυγόν.

452 2342 525 2399 Ibid.
542 2342 613 2400 342.
633 2342 669 2400 18
691 2333 760 2422 ὄναρ
777 2324 802 2397 δ’
817 2333 942 2398 ἐπιστάν
953 2335 1018 2416 περὶ
1031 2335 1087 2405 τὴν
1102 2334 1142 2398 ἕω
1160 2343 1306 2399 τοσοῦτον
1321 2329 1444 2424 ἔφραζε·

490 2452 620 2552 Κάδμου
634 2466 772 2540 πολῖται,
787 2460 842 2549 ypsi
858 2461 956 2551 λέγειν
971 2462 1011 2525 τά
1026 2463 1126 2550 καίρια
1141 2460 1258 2547 (Aesch.
1275 2466 1358 2546 Sept.
1375 2465 1412 2548 1).

451 2597 524 2655 Ibid.
542 2616 582 2655 or.
601 2598 617 2655 3
635 2616 663 2672 p.
681 2596 757 2655 312:
780 2587 962 2664 ἐπελθούσης
975 2600 1031 2664 τῆς
1045 2597 1164 2668 νυκτός,
1179 2597 1224 2670 τῷ
1240 2587 1293 2678 μὲν
1308 2588 1439 2680 Ζωσίμῳ
1454 2592 1507 2676 (in-

389 2709 505 2766 cubanti
519 2708 658 2765 Aristidis
674 2707 756 2765 iussu
770 2707 799 2764 in
817 2706 962 2783 Apollinis
979 2706 1070 2766 clarii
1086 2697 1206 2785 templo)
1226 2702 1363 2791 γίγνεται
1382 2692 1506 2768 τόδετὸ

389 2822 529 2901 μαντεῖον
545 2811 630 2897 φέρον
646 2816 685 2886 εἰς
700 2810 766 2899 ἐμέ·

658 2941 763 3009 Ἰήσεταί
775 2962 801 2995 σε
813 2948 902 2997 νοῦσον
916 2942 955 3011 ἠδ’
968 2942 1095 2998 ἆκέσσεται

657 3034 819 3105 Ἀσκληπιός,
832 3031 944 3108 πόλισμα
956 3039 1070 3109 Τηλέφου
1083 3039 1172 3092 κλυτόν

658 3133 749 3200 τιμῶν,
763 3124 852 3182 Καΐκου
866 3128 981 3199 ναμάτων
994 3134 1023 3184 οὐ
1036 3133 1146 3200 τηλόθεν.

389 3243 575 3338 Significatur
582 3258 766 3342 Pergamum,
780 3258 815 3316 ad
826 3257 945 3317 Caicum
957 3262 987 3317 fl.
995 3260 1025 3317 in
1034 3262 1130 3337 Mysia
1141 3262 1239 3333 situm,
1251 3280 1308 3336 quo
1316 3281 1406 3339 quum
1415 3266 1506 3341 Auge,

387 3370 511 3446 Telephi
522 3370 629 3441 mater,
645 3371 682 3428 ad
694 3370 904 3429 Teuthrantem
921 3390 1018 3449 regem
1034 3345 1225 3450 ccnfugisset‚
1241 3372 1408 3448 sepulcrum
1423 3382 1508 3436 nacta

283 3548 285 3552 ¹
387 3490 446 3553 est,
463 3482 538 3559 quod
553 3480 624 3539 vidit
638 3481 802 3540 Pausanias
819 3472 860 3560 (8.
877 3483 906 3540 4.
925 3474 964 3558 6).

449 3607 496 3667 De
512 3609 627 3668 oraculo
642 3608 730 3668 lamb.
746 3607 908 3685 Delphico,
932 3609 1008 3683 quod
1027 3609 1103 3668 idem
1124 3609 1269 3669 Aristides
1288 3629 1343 3687 per
1362 3612 1507 3670 somnium

385 3719 508 3790 audivit,
525 3719 556 3777 in
572 3738 634 3796 cap.
650 3739 747 3795 praec.
763 3740 793 3796 p.
810 3722 827 3778 7
831 3722 850 3778 0
865 3719 935 3777 dixi.

450 3845 577 3905 Omnino
592 3846 798 3905 incubantibus
813 3848 931 3905 deorum
948 3848 1124 3906 medicorum
1144 3849 1261 3907 oracula
1280 3849 1343 3907 dari
1358 3849 1425 3908 visa
1442 3869 1507 3909 csse

387 3963 509 4015 constat.
530 3954 575 4013 cf.
585 3954 748 4033 Sprengelii
761 3957 867 4017 Gcsch.
880 3959 933 4016 der
943 3959 1068 4017 Medicin
1083 3960 1099 4017 I
1113 3980 1142 4035 p.
1154 3961 1211 4018 107
1219 3980 1227 4030 3
1243 3959 1394 4017 Thorlacii
1406 3979 1505 4036 opusc.

388 4069 405 4125 3
421 4086 450 4143 p.
470 4067 527 4125 125
540 4082 605 4141 sqq.
627 4059 674 4144 (de
689 4066 810 4125 somniis
826 4061 1001 4147 Serapicis);
1021 4070 1095 4128 Alfr.
1112 4070 1216 4145 Maury
1229 4068 1316 4127 revue
1330 4070 1368 4127 de
1382 4070 1507 4146 philolo·

385 4177 433 4257 gie
446 4177 462 4234 I
475 4195 504 4253 p.
518 4177 589 4235 450.
606 4179 681 4253 Aug.
695 4176 838 4236 Gauthier
852 4179 1024 4238 recherches
1039 4180 1109 4239 hist.
1126 4198 1176 4239 sur
1189 4180 1340 4237 l’exercice
1355 4179 1392 4237 de
1406 4180 1438 4237 lu
1448 4180 1507 4238 rne-

385 4287 487 4346 decine
507 4286 579 4346 dans
600 4288 643 4345 les
665 4289 787 4364 temples
809 4288 878 4346 chez
898 4289 942 4347 les
963 4291 1142 4365 peuples'de
1163 4289 1338 4365 l'antiquite.
1368 4290 1457 4349 Paris
1478 4300 1507 4347 et

386 4398 480 4473 Lyon.
505 4400 594 4458 1844.
624 4398 736 4456 Horum
756 4398 845 4475 igitur
864 4398 1045 4458 oraculorum
1064 4406 1247 4477 praeterea,
1273 4418 1347 4475 quae
1365 4400 1453 4458 modo
1473 4420 1508 4458 ex

385 4506 515 4565 Aristide
529 4508 689 4581 attulimus,
705 4506 764 4568 alia
778 4526 892 4585 quoque
907 4508 1005 4567 vincta
1020 4510 1150 4569 oratione
1164 4508 1339 4587 procedunt,
1355 4510 1437 4568 velut
1507 4591 1511 4596 ὴ
