3592 5400
834 554 924 596 muza
945 555 965 595 1.

341 706 375 763 V.
391 706 429 764 13
445 724 475 782 p.
488 705 546 763 201
560 721 586 764 o.
608 696 671 762 Καὶ
685 703 705 770 ei
720 696 835 771 Ἑκάτη
851 691 884 766 δὲ
898 703 966 788 περὶ
979 703 1105 776 έοιυτῆςι
1120 700 1200 766 οὔτω
1215 704 1318 792 φησί’·

425 799 509 879 Ἤδη
525 832 576 898 μοι
591 809 663 898 σύγε
677 808 779 873 πάντα
793 811 905 874 ποίειδ·
920 803 1049 891 ξοάνῳ*
1064 800 1095 873 δ’
1107 810 1182 900 ἄρ’5
1197 817 1228 877 έν
1244 818 1327 897 αὐτῷ

426 918 525 1008 μορφάΙ
540 919 609 1008 μοι6
622 919 749 982 πέλεται
763 919 954 1009 nepte-epod
970 921 1200 1010 ἀγλαοκάρπου,

427 1031 526 1118 εἵμασι
540 1029 747 1108 παλλεάκοιςθ,
762 1032 828 1118 περὶ
841 1029 948 1095 ’ποσοὶ9
963 1020 997 1094 δὲ
1011 1022 1238 1120 γρυσοπέδιλος
1248 1035 1285 1073 ¹⁰·

342 1181 460 1246 Δισκελής
472 1181 540 1232 dixit
551 1179 630 1233 schol
643 1179 723 1232 Paris.
735 1181 768 1233 ad
780 1180 908 1251 Lycophr.
921 1180 971 1234 636
983 1188 1009 1234 et
1020 1182 1138 1237 Eustath.
1152 1200 1240 1252 opusc.
1253 1202 1278 1254 p.
1290 1184 1349 1239 333.
1359 1186 1405 1251 40;
1417 1186 1459 1237 τὸν

341 1266 483 1334 τραγόπουν
494 1262 537 1333 ἐμὲ
543 1265 612 1316 Πᾶνα
621 1265 768 1317 Simonides
778 1265 809 1317 ir.
822 1265 869 1318 134
878 1265 974 1335 Bergk.
986 1266 1059 1334 (189)
1069 1272 1095 1319 et
1104 1267 1260 1321 Nicodamus
1269 1270 1423 1323 Heracleota
1432 1272 1460 1324 in

341 1349 410 1402 anth.
423 1349 479 1402 Pal.
491 1348 516 1402 6.
528 1348 587 1403 315.
610 1349 648 1402 Ne
661 1350 804 1420 δισσάκερας
817 1351 922 1419 quidem
941 1351 1036 1419 legitur
1048 1352 1121 1415 alias,
1138 1353 1183 1404 sed
1193 1355 1320 1406 nonnulla
1333 1355 1459 1407 adiectira

341 1450 400 1486 cum
412 1433 485 1502 κέρας
497 1434 642 1502 composita
652 1451 700 1503 pro
716 1437 848 1488 communi
860 1436 1042 1488 terminatione
1054 1437 1081 1488 in
1095 1455 1140 1502 ως,
1157 1454 1220 1497 ωτος
1235 1438 1356 1508 obliquos
1367 1441 1459 1493 saltem

341 1535 416 1572 casus
424 1518 500 1586 (Lob.
506 1516 742 1586 Phrynbbsslillius
749 1520 847 1571 formae
854 1520 1001 1572 admittant.
1014 1520 1313 1590 Apudllosycb.quidom
1322 1540 1368 1592 pro
1374 1523 1459 1574 λευκο-

341 1602 437 1670 κέρατες
447 1619 468 1656 s.
479 1600 528 1653 hoc
537 1619 561 1655 ν.
570 1608 639 1654 recto
648 1602 701 1654 iam
707 1603 818 1657 Salmas.
829 1601 989 1673 λευκόκρατες
999 1606 1112 1674 scripsit;
1122 1605 1282 1660 sedPiud.ir.
1289 1606 1339 1659 ‘285
1345 1605 1458 1660 Boeclrh.

341 1686 438 1740 atinde
450 1687 581 1756 Aristoph.
593 1688 655 1739 nub.
667 1687 729 1739 591:
746 1687 878 1758 ὑψικέρατα
891 1688 988 1757 πέτραν,
1009 1689 1048 1741 Ad
1058 1691 1135 1742 Arist.
1145 1689 1212 1742 sch.:
1226 1687 1248 1743 ά.
1261 1708 1282 1740 τ.
1296 1690 1403 1760 ὑψηλήν·
1417 1709 1459 1761 με·

340 1771 487 1840 ταπλασμδς
501 1771 530 1824 δέ
539 1769 602 1822 ἐστιν
619 1768 642 1826 ά.
657 1790 678 1823 τ.
691 1771 843 1841 ὑψικέραιον.
867 1773 941 1825 Unde
958 1774 1060 1826 facilius
1076 1775 1236 1843 intellegitur
1248 1776 1367 1844 Apollon.
1379 1775 1457 1844 Dysc.

339 1857 366 1909 iu
383 1856 467 1915 Beklr.
488 1856 577 1909 anecd.
596 1856 654 1908 596.
674 1855 716 1908 lu:
735 1855 763 1908 δν
781 1858 872 1925 τρόπον
892 1857 932 1906 καλ
949 1855 987 1908 ἐπ’
1006 1855 1133 1926 ὀνομάτων
1153 1859 1325 1928 μεταπλασμολ
1343 1859 1458 1929 γίνονται,

340 1939 448 2010 καθάπερ
463 1981 468 1990 .
483 1981 488 1990 .
506 1940 534 1991 το
548 1941 718 2010 πυργοκέρατα
732 1941 798 2011 παρὰ
811 1942 952 2010 Βακχυλίδῃ
965 1942 1007 2009 (fr.
1021 1942 1054 1992 44
1066 1941 1167 2009 Nouoi).
1191 1941 1275 2012 Alpha
1292 1960 1344 1996 non
1356 1961 1459 2014 semper

339 2025 463 2095 longum3
480 2026 617 2094 corripitur
632 2026 659 2077 in
677 2026 773 2094 κέρασιν
789 2042 831 2094 ap.
848 2026 924 2079 Hom.
943 2041 1046 2094 semper
1062 2031 1088 2078 ct
1099 2042 1141 2095 ap.
1154 2027 1213 2078 Eur.
1226 2027 1281 2081 lon.
1296 2026 1357 2091 8833
1377 2029 1409 2080 ad
1427 2029 1459 2098 δγ

340 2103 480 2182 κεράτεσσιν
493 2109 596 2162 deducit
608 2107 763 2181 άγκεράτεσιν
776 2112 801 2162 iu
816 2110 872 2162 cod.
885 2109 1020 2178 Hesychii3
1033 2111 1182 2180 κερατώδεος
1193 2092 1262 2163 'dixit
1274 2111 1374 2166 Gallim.
1388 2112 1412 2167 h.
1426 2112 1459 2166 ad

337 2199 423 2267 Apoll.
435 2196 477 2250 91.
495 2194 581 2258 Quare
593 2195 747 2264 δισυοκέρατι
758 2200 860 2248 mutare
872 2211 926 2248 non
938 2211 997 2247 sum
1010 2211 1099 2249 ausus.
1119 2195 1239 2265 Speciem
1251 2196 1291 2248 dei
1303 2197 1346 2260 ita,
1361 2204 1391 2249 ut
1402 2212 1458 2250 ora·

338 2284 439 2345 culum,
452 2281 609 2349 sculptores,
621 2280 747 2348 pictores,
760 2282 899 2350 scriptores
911 2281 1045 2349 praebent.
1068 2281 1190 2333 Herodot.
1203 2281 1226 2335 λ.
1240 2281 1285 2333 46ι
1300 2281 1422 2350 γράφουσί
1433 2299 1458 2334 τε

338 2366 368 2432 δὴ
381 2366 423 2417 καὶ
439 2365 562 2435 γλύφουσι
578 2362 601 2415 οἱ
613 2362 740 2433 ζωγράφοι
757 2365 797 2416 κοιλ
814 2364 836 2416 oi
848 2363 1048 2434 ἀγαλματοποιοὶ
1060 2369 1104 2416 τοῦ
1116 2365 1197 2425 Πανὸς
1215 2363 1338 2435 τῶγαλμα
1351 2365 1457 2436 κατάπερ

337 2449 459 2515 Ἕλληνες
473 2447 664 2519 αἰγοπρόσωπον
678 2449 717 2499 καλ
730 2449 904 2517 τραγοσκελέα.
926 2449 1046 2502 Pluribus
1058 2451 1201 2502 Mercurius
1213 2455 1287 2518 pater
1299 2467 1340 2520 ap.
1351 2451 1458 2504 Lucian.

337 2533 397 2588 dial.
411 2535 481 2588 deor.
495 2534 536 2586 22.
551 2534 562 2585 l
577 2535 719 2602 imaginem
731 2535 815 2603 lepide
828 2534 961 2598 describit;
978 2536 1098 2586 similiter
1110 2535 1157 2587 Sil.
1169 2534 1226 2586 Ital.
1241 2534 1279 2585 13.
1291 2535 1341 2587 326
1354 2537 1457 2604 aliique.

407 2621 416 2653 ¹
437 2618 511 2684 αὐτῆς
522 2619 550 2671 F.
705 2619 716 2652 ²
732 2618 782 2671 Pro
795 2617 834 2670 his
847 2618 909 2671 AB:
922 2618 962 2668 καὶ
974 2622 1016 2683 τῆς
1029 2616 1116 2683 ἐκάτης
1128 2618 1248 2686 λεγούσης
1261 2618 1368 2670 τέθειται.

406 2704 495 2756 *τέλει
511 2705 577 2757 coni
590 2703 653 2757 Lob.
671 2705 730 2774 Agr.
741 2722 766 2773 p.
780 2704 842 2768 72&
859 2704 906 2756 sed
921 2704 1031 2756 fortasse
1049 2704 1081 2755 de
1097 2703 1271 2756 construendo
1289 2705 1384 2758 sacello
1402 2709 1459 2757 erat

336 2808 432 2844 sermo.
455 2788 640 2859 Dipbtbongus
651 2790 677 2841 in
691 2793 779 2858 ποιεῖν,
792 2781 853 2857 οἶος,
869 2793 979 2848 τοιοῦτος
991 2787 1061 2841 baud
1072 2805 1131 2842 raro
1143 2789 1285 2858 corripitur.
1305 2789 1344 2842 lta
1360 2805 1385 2843 ν.
1399 2787 1439 2842 83.

406 2876 418 2909 ⁴
437 2874 480 2927 Sic
491 2874 551 2944 Vig.
563 2875 630 2928 coni.
643 2891 690 2943 pro
704 2874 797 2935 ξόανον.

406 2959 417 2992 ⁵
434 2960 522 3029 Vulgo
539 2958 601 3029 γὰρ,
620 2959 672 3012 ΔΗ
689 2958 715 3010 δὲ
732 2956 824 3029 ἐαυτῷ,
844 2958 926 3012 Gaisi.
945 2964 1046 3024 tacens,
1062 2961 1150 3029 itaque
1167 2976 1201 3012 ex
1217 2959 1272 3013 rell.
1290 2958 1377 3025 codd„
1394 2956 1457 3012 atu

336 3045 415 3114 αὐτῷ.
441 3044 498 3114 Ego
511 3060 545 3097 ex
558 3043 586 3095 δέ
596 3049 622 3096 et
634 3044 681 3113 γάρ
694 3045 794 3097 confeci
806 3044 828 3094 δ’
840 3040 887 3114 ἄρ’,
900 3052 956 3097 tum
968 3045 1080 3098 incisum
1092 3050 1152 3115 post
1164 3044 1233 3114 αὐτῷ
1245 3046 1349 3099 sustuli.

405 3128 417 3163 ⁶
436 3127 462 3180 δὲ
473 3145 520 3198 pro
532 3146 575 3197 μοι
586 3128 669 3181 GFG.

407 3213 418 3247 ²
436 3213 605 3267 Simillimam
621 3218 736 3266 statuam
753 3212 806 3265 sch.
818 3212 925 3267 Theocr.
944 3214 967 3266 2.
983 3213 1014 3266 12
1026 3215 1155 3267 describit.
1180 3214 1307 3278 Hecaten,
1319 3216 1416 3284 inquit,
1435 3213 1458 3265 oi

336 3296 439 3351 παλαιοὶ
456 3297 591 3367 τρίμορφον
608 3295 715 3367 ἔγραφον
732 3300 796 3367 (uno
815 3314 922 3367 corpore
940 3304 1040 3351 veteres
1052 3304 1113 3351 ante
1125 3298 1304 3361 Alcumenam,
1321 3314 1387 3367 quos
1400 3314 1457 3351 ora·

336 3385 426 3437 culum
438 3383 579 3452 sequitur),
596 3380 825 3453 χρυσεοσάνδαλον,
843 3381 990 3452 λευχείμονα
1006 3382 1046 3433 καλ
1059 3383 1174 3451 μήκωνος
1186 3384 1238 3441 ταῖς
1256 3381 1339 3452 χερσὶν
1351 3379 1456 3451 ἔχουσαν

336 3468 378 3521 καλ
391 3464 523 3536 λαμπάδας
535 3465 652 3537 ἡμμένας.
676 3467 715 3517 καλ
728 3465 778 3518 ἐστὶ
791 3466 819 3518 rb
836 3466 923 3517 λευκδν
936 3465 976 3516 καλ
988 3466 1016 3516 rb
1029 3467 1134 3536 χρύσεον
1152 3468 1252 3534 σημεῖον
1264 3469 1306 3531 τῆς
1318 3469 1362 3516 τοῦ
1375 3466 1456 3534 φωτδς

336 3551 512 3624 παραυξάσεως
525 3551 564 3602 καλ
578 3550 602 3601 αἱ
613 3550 718 3621 ἡμμέναι
731 3548 870 3621 λαμπάδες·
888 3548 902 3602 ὁ
915 3550 942 3601 δὲ
955 3547 1075 3619 κάλαδος,
1087 3549 1115 3601 δν
1128 3548 1167 3601 cul
1179 3553 1229 3611 τοῖς
1243 3550 1371 3619 μετεώροις
1384 3549 1456 3619 φέρει,

335 3640 379 3704 τῆς
396 3639 446 3687 τῶν
464 3638 566 3705 καρπῶν
583 3636 757 3706 κατεργασίας,
781 3636 822 3696 οὓς
843 3634 970 3704 ἀνατρέφει
990 3631 1053 3686 κατὰ
1071 3633 1113 3700 τὴν
1134 3639 1177 3685 τοῦ
1199 3633 1281 3703 φωτὸς
1299 3634 1448 3704 παραυξησιν

336 3722 494 3777 Communia
505 3722 617 3774 Hecatae
634 3725 659 3773 et
671 3720 757 3773 Cereri
769 3720 898 3784 calathus,
916 3721 1000 3784 iaces,
1018 3735 1145 3789 papaver,
1161 3725 1218 3771 tum
1235 3720 1322 3771 vultus
1339 3718 1456 3771 habitus-

336 3824 388 3877 que
400 3807 515 3876 gravitas
528 3806 571 3875 (oi.
585 3806 615 3857 0.
628 3806 737 3858 Mueller
752 3806 780 3857 in
793 3805 921 3857 archaeol.
935 3805 959 3874 ἓ.
972 3803 1046 3872 357);
1063 3804 1142 3856 etiam
1156 3804 1245 3858 claris.
1271 3803 1310 3856 uf.
1323 3804 1456 3857 oraculum

336 3908 451 3961 sequens
469 3907 528 3943 cum
542 3890 642 3943 Gallim.
655 3888 715 3942 bin
726 3890 781 3942 Ger.
791 3890 832 3942 45.
850 3890 935 3942 Arctis
947 3890 1057 3942 vinculis
1069 3906 1151 3941 nexas
1163 3889 1210 3942 has
1223 3889 1284 3941 deas
1296 3890 1350 3941 iam
1361 3889 1455 3942 Homo·

335 3993 382 4029 rus
399 3975 485 4046 prodit
501 3974 527 4027 h.
545 3976 572 4027 in
591 3973 646 4026 Cer.
662 3974 703 4037 25,
721 3974 762 4038 51,
780 3974 842 4039 438;
862 3975 939 4027 Ceres
958 3990 1061 4044 quoquc
1079 3974 1127 4026 dea
1142 3974 1227 4027 infera
1243 3980 1456 4044 mortuorumque

336 4060 444 4114 domina
459 4060 600 4129 putabatur
617 4059 661 4129 (cf.
671 4058 819 4111 Gerhardus
831 4060 859 4111 in
869 4058 978 4127 mythol.
993 4058 1035 4112 Gr.
1049 4058 1068 4113 l.
1083 4059 1108 4128 ᾗ.
1119 4058 1179 4113 417.
1191 4059 1228 4125 4).
1251 4059 1364 4111 Ulterius
1377 4060 1456 4111 etiam

336 4145 455 4198 doctrina
467 4143 580 4214 Orphica
590 4159 731 4213 progressa
743 4149 790 4197 est.
811 4141 870 4195 Sch.
882 4143 967 4213 Apoll.
980 4142 1063 4198 Rhod.
1076 4144 1101 4196 3.
1113 4142 1176 4195 4672
1191 4142 1214 4194 έν
1227 4143 1254 4195 δὲ
1266 4147 1316 4203 τοῖς
1329 4141 1455 4212 Ὀρφικοῖς

337 4230 468 4299 Δήμητρος
489 4228 681 4298 γενεαλογέῖται·
707 4228 747 4278 καλ
767 4228 823 4278 τότε
844 4226 887 4293 τὴν
908 4225 1013 4294 Ἑκάτην
1035 4227 1094 4294 Δηὼ
1118 4227 1183 4279 τέκεν
1204 4227 1364 4295 εὐπατέρειαν.
1395 4224 1454 4280 Sch.

336 4314 445 4369 Theocr.
458 4314 482 4366 2.
497 4313 540 4366 12:
555 4318 585 4384 τῇ·
598 4315 708 4383 Δήμητρι
721 4312 813 4383 μιχθεὶς
826 4311 839 4363 ὁ
853 4313 910 4373 Ζεὺς
922 4317 1003 4365 τεκνοῖ
1015 4310 1127 4378 Ἑκάτην.
1145 4313 1222 4366 Plura
1234 4311 1325 4364 dehac
1338 4309 1455 4364 doctrina

336 4398 401 4454 Lob.
413 4400 473 4468 Agl.
485 4399 536 4451 544
547 4415 586 4468 sq.

406 4485 417 4519 δ
436 4483 530 4544 λεύκοις
542 4484 606 4548 AH,
619 4483 761 4544 πανλεάκοις
775 4482 873 4537 GDFG.
1028 4481 1039 4517 ⁹
1057 4481 1116 4534 uool
1131 4479 1231 4535 Auci
1238 4479 1269 4533 (i.

394 4569 418 4607 ¹⁰
436 4568 480 4623 sie
492 4569 584 4642 scripsi
595 4586 642 4638 pro
654 4568 849 4641 χρυσοπεδίλοις.
866 4568 980 4623 Pertinet
991 4567 1024 4619 ad
1036 4566 1127 4635 μορφή.
