3592 5400
422 519 482 581 194
829 502 1074 579 aoiurnuanruu
1094 537 1115 578 1.

419 692 536 750 omnino
556 692 594 749 ad
608 698 719 748 tantam
739 691 946 750 sacrificiorum
966 689 1109 748 luxuriam
1129 691 1393 766 degeneraverunt,
1414 700 1447 748 ut
1467 692 1541 749 nulli

419 802 540 860 animali
554 808 715 878 parcerent.
738 802 784 859 Ita
796 801 947 878 Caligulae
961 801 1094 875 „hostiae
1107 808 1190 859 erant
1203 801 1437 878 phoenicopteri,
1453 822 1541 879 pavo·

418 933 484 983 nes,
501 921 663 988 tetraonas,
679 911 864 981 Numidicae,
881 911 1076 989 Meleagrides
1083 955 1092 982 ,
1104 911 1277 987 phasianae,
1291 931 1367 988 quae
1377 913 1540 991 generatim

418 1043 470 1100 per
490 1024 621 1100 singulos
643 1023 705 1081 dies
726 1020 975 1116 immolarentur.f‘
1006 1020 1085 1081 Suet.
1103 1020 1166 1080 Cal.
1184 1022 1234 1080 22.
1253 1013 1362 1082 -Iu1.
1380 1022 1538 1100 Capitolin.

419 1135 469 1193 vit.
486 1135 605 1192 Maximi
621 1142 650 1191 et
664 1133 781 1194 Balbini
801 1136 853 1191 11:
872 1132 917 1206 „si
933 1132 1150 1209 imperatorium
1166 1132 1342 1191 sacrificium
1355 1135 1409 1205 sit,
1426 1143 1539 1193 centum

419 1246 534 1314 leones,
569 1253 684 1302 centum
709 1243 854 1321 aquilae
880 1251 910 1300 et
935 1249 1032 1300 cetera
1055 1242 1221 1301 huiusmodi
1247 1244 1389 1302 animalia
1415 1253 1539 1303 centena

418 1352 590 1412 feriuntur.“
622 1356 703 1413 Haeo
728 1374 822 1430 pauca
847 1353 980 1429 exempla
1005 1371 1040 1410 ex
1065 1352 1174 1412 multis.
1209 1353 1309 1428 Quare
1335 1374 1397 1413 non
1424 1357 1537 1415 omnino

339 1455 341 1458 ¹
418 1465 517 1522 ludum
536 1465 646 1543 ingenii
661 1466 758 1541 paries
775 1466 876 1523 domus
897 1471 1058 1522 statuarum
1078 1483 1234 1523 sensarum
1248 1465 1433 1542 Pompeiana
1455 1467 1537 1524 refert

418 1576 448 1632 in
463 1575 568 1633 Zahnii
583 1575 687 1651 pictur.
704 1575 806 1651 pariet.
819 1575 952 1650 Pompei.
964 1575 1085 1633 alterius
1097 1575 1227 1651 corporis
1239 1576 1299 1633 tab.
1313 1576 1370 1652 54,
1385 1577 1437 1635 ubi
1453 1595 1536 1637 senex

418 1685 514 1742 alatus
529 1684 559 1741 in
575 1686 708 1743 columna
722 1692 795 1743 state
818 1692 886 1743 anto
906 1705 972 1743 eum
992 1705 1043 1743 ara
1057 1693 1117 1755 est,
1141 1704 1230 1761 supra
1248 1705 1337 1762 quam
1351 1686 1475 1746 Iunonis
1495 1694 1534 1746 est

418 1795 565 1866 diadema3
586 1798 675 1853 Amor
695 1815 791 1854 eroum
813 1803 1003 1872 pateramque
1023 1803 1126 1855 tenens
1147 1815 1319 1872 pavonem
1339 1799 1532 1874 persequitur3

418 1906 577 1982 respondet
588 1908 625 1964 ab
637 1907 730 1964 altera
740 1914 823 1983 parte
835 1907 902 1984 agni
915 1907 1088 1966 sacrificium
1099 1913 1168 1964 ante
1179 1906 1366 1966 simulacrum
1379 1909 1532 1967 Minerva.

483 2013 590 2076 Sedulo
606 2017 636 2073 in
652 2016 698 2074 his
715 2018 847 2076 omnibus
863 2037 931 2076 aves
947 2017 1126 2076 sacrificatas
1142 2025 1171 2075 et
1182 2026 1313 2077 sacratas
1326 2019 1459 2078 distinxi.
1479 2020 1532 2077 Ha·

418 2147 482 2185 rum
496 2147 647 2185 numerum
662 2127 808 2204 ingentem
824 2127 861 2186 G.
874 2127 898 2185 I.
911 2127 1034 2209 Vossius
1051 2128 1197 2206 congessit
1218 2129 1255 2186 de
1268 2130 1425 2207 ‘theologia
1438 2128 1532 2208 gentili

419 2239 493 2296 libro
513 2239 548 2309 ἀς
572 2256 630 2293 non
653 2239 854 2294 mactabantur
875 2237 947 2305 diis,
972 2238 1024 2295 sed
1045 2239 1155 2296 multae
1176 2257 1275 2296 earum
1297 2259 1316 2297 a
1338 2242 1531 2299 sacerdotibus

419 2348 508 2404 etiam
522 2348 683 2404 alebantur.
714 2347 810 2421 Quam
830 2347 962 2404 diversae
983 2347 1043 2404 sint
1056 2349 1125 2406 illae
1139 2368 1187 2408 res
1203 2350 1363 2408 ostendunt
1377 2351 1487 2429 Porph.
1503 2351 1531 2407 de

418 2459 493 2515 abst.
510 2459 538 2516 4.
555 2459 606 2516 Ῑόι
627 2452 678 2513 καὶ
696 2451 749 2515 τόν
765 2451 950 2539 ἀλεκτρυόνα
966 2454 1065 2515 Cereri
1080 2453 1263 2541 ἀφιέρωσαν,
1284 2444 1331 2517 ὀιό
1347 2457 1400 2518 καὶ
1415 2457 1531 2543 ἀπέχον·

417 2586 469 2625 ται
485 2566 512 2624 οἱ
525 2560 638 2636 ταύτης
653 2561 763 2650 μύσται
784 2559 904 2650 ὀρνίθων
923 2552 1099 2643 ἐνοικιόίων,
1120 2570 1259 2629 Aelianus
1274 2590 1334 2630 var.
1350 2572 1423 2631 hist.
1440 2574 1468 2632 5.
1487 2572 1530 2629 ll:

421 2670 572 2761 Ἀτάρβης,
589 2673 636 2736 ὅτι
650 2682 704 2736 τοῦ
718 2671 896 2743 Ἀσκληπιοῦ
911 2673 964 2736 τόν
979 2674 1054 2762 ἱερόν
1069 2671 1212 2762 στρουθὸν
1224 2675 1381 2740 ἀπέκτεινε
1393 2669 1530 2752 πατάξας,

420 2787 474 2844 oda
500 2786 598 2872 ἀργῶς
622 2793 720 2845 τοῦτο.
741 2781 887 2854 Ἀθηναῖοι
914 2774 1070 2870 παρεῖδον,
1097 2784 1163 2847 ἀλλ’
1189 2784 1368 2850 ἀπέκτειναν
1384 2786 1529 2877 Ἀτάρβην

419 2898 565 2957 Lucianus
592 2900 627 2955 de
650 2900 704 2956 dea
728 2897 813 2975 Syria
836 2900 892 2958 54:
917 2891 1036 2981 ὀρνίθων
1059 2884 1092 2957 ὀὲ
1114 2896 1246 2959 αὐτέοισι
1269 2894 1528 2981 (Hierapolitanis)

419 3003 574 3087 περιστερὴ
592 2999 705 3084 (Syriae
720 3009 791 3065 deae
807 3001 901 3085 sacra)
919 2993 1016 3067 δοκέει
1031 3014 1133 3092 χρῆμα
1144 3005 1302 3092 ἱρότατον,
1318 3009 1370 3071 καὶ
1382 2999 1450 3073 ool*
1465 3004 1529 3095 ψαύ·

420 3131 460 3171 ειν
476 3109 591 3173 αὐτέων
607 3099 766 3190 δικαιοῦσι,
782 3114 833 3174 καὶ
847 3109 882 3183 ἀν
898 3112 1037 3188 ἀέκοντες
1052 3111 1200 3199 ἅψωνται,
1222 3116 1341 3206 ἐναγέες
1355 3120 1472 3191 ἐκείνην
1484 3118 1530 3188 τόν

418 3219 529 3309 ἡμέρην
545 3222 606 3283 aiot.
628 3228 675 3285 Ita
696 3228 870 3287 Aristoteles
893 3249 952 3287 non
974 3231 1103 3307 loquitur
1124 3233 1160 3289 de
1179 3233 1334 3292 sacrificiis
1357 3235 1429 3295 hist.
1449 3236 1528 3295 anim.

420 3338 447 3393 9.
466 3339 498 3394 8:
520 3334 550 3394 έν
564 3342 628 3406 τοῖς
648 3336 748 3421 ἱεροῖς,
770 3333 841 3396 ὅτου
861 3331 931 3397 ἀνευ
953 3332 1079 3405 θηλειῶν
1098 3334 1271 3402 ἀνάκεινται
1290 3341 1318 3400 οἱ
1332 3340 1529 3428 ἀλεκτρυόνα,

418 3440 470 3503 τόν
483 3440 634 3505 ἀνατιθέ
640 3465 749 3531 μενον
760 3442 870 3519 πάντες
882 3444 1027 3532 ὀχεύουσι,
1038 3459 1068 3509 et
1079 3472 1126 3529 ep.
1133 3453 1238 3512 Athen.
1247 3456 1276 3512 9.
1286 3456 1335 3514 10.
1345 3458 1386 3515 46
1398 3477 1428 3533 p.
1437 3458 1493 3515 391
1503 3455 1529 3513 d:

419 3547 625 3637 Ἀριστοτέλης
640 3549 711 3642 γοῦν
727 3576 828 3641 φησιν,
852 3555 976 3618 ὅτιτῶν
991 3554 1211 3644 ἀνατιθεμένων
1227 3560 1335 3633 ἐντοῖς
1350 3564 1437 3648 ἱεροῖς
1452 3563 1530 3646 (dica-

419 3674 513 3723 torum
527 3668 558 3724 in
574 3662 702 3745 templis)
719 3665 926 3753 ἀλεκτρυόνων
940 3665 993 3728 τόν
1007 3664 1191 3730 ἀνατεθέντα
1201 3671 1229 3730 οἱ
1239 3668 1381 3756 προόντες
1392 3671 1529 3759 ὀχεύουσι,

419 3770 517 3857 μέχρις
539 3768 575 3833 ἀν
597 3770 689 3847 ἀλλος
711 3773 852 3859 ἀνατεθῇ.
886 3782 990 3857 Itaque
1012 3783 1122 3854 exclusi
1143 3783 1290 3854 volucres,
1313 3803 1389 3868 quas
1411 3789 1530 3847 artifices

419 3884 568 3943 hominum
583 3888 759 3966 deorumque
781 3891 812 3948 in
828 3892 962 3950 manibus
982 3901 1155 3969 posuerunt,
1175 3902 1226 3952 aut
1245 3895 1415 3957 numinibus
1434 3900 1473 3957 ab
1486 3899 1530 3956 ho·

418 3992 496 4050 mine
512 3995 643 4070 supplice
658 4008 808 4073 porrectas
823 4001 983 4072 linxerunt,
1002 4004 1082 4061 velut
1096 4005 1245 4064 columbas
1260 4004 1290 4062 iu
1305 4008 1390 4082 pueri
1405 4006 1531 4067 manuin

418 4104 551 4179 sepulcro
563 4124 609 4180 ap.
625 4104 885 4186 Stackelbergium.
909 4110 1067 4172 Columbae
1080 4122 1200 4192 propter
1210 4115 1361 4175 libidinem
1373 4120 1459 4196 signa
1469 4124 1531 4178 aunt

418 4215 525 4273 amoris
542 4222 571 4271 et
586 4214 737 4287 desiderii,
758 4218 828 4276 item
850 4221 937 4296 galli,
959 4226 1008 4298 qui
1023 4243 1112 4299 quum
1126 4225 1337 4302 pugnacissimi
1353 4228 1428 4300 sint,
1448 4229 1529 4287 iidem

418 4325 567 4382 victoriam
588 4326 619 4382 in
638 4326 715 4385 ludis
736 4336 912 4403 reportatam
933 4332 1092 4392 illustrant.
1123 4335 1205 4409 Quas
1225 4354 1273 4394 res
1293 4358 1311 4394 a
1325 4337 1420 4397 doctis
1434 4358 1530 4416 parum

418 4434 512 4490 adhuc
526 4436 679 4495 distinctas
696 4456 760 4495 esse
775 4436 868 4496 video.
893 4439 973 4513 Quid
988 4446 1142 4519 perpensis
1155 4445 1201 4503 his
1213 4444 1318 4504 ritibus
1332 4448 1368 4506 de
1379 4446 1529 4523 Porphyrii

418 4545 532 4601 oraculo
547 4555 625 4604 esset
640 4548 838 4620 iudicandum,
853 4569 945 4627 supra
958 4552 989 4609 in
1004 4554 1192 4613 annotatione
1206 4555 1278 4613 dixi.

872 4682 1075 4694 —---...-.
