3592 5400
415 503 475 564 192
828 521 1072 565 nnnmnnnuumr
1092 522 1114 563 1.

413 681 534 744 κοῢντες
547 669 603 738 τὸν
618 641 727 758 Λέρσν.
760 676 893 752 Namque
910 675 1007 752 Clytio
1022 676 1139 736 Milesio
1154 682 1270 732 auctore
1285 694 1333 751 ap.
1350 674 1534 732 Athenaeum

416 791 453 846 14
469 806 498 863 p.
517 787 576 845 655
592 788 621 845 b.
642 781 707 868 περὶ
726 780 763 843 τὰ
784 780 860 869 ἱερὸν
879 791 933 867 τῆς
948 778 1106 868 Παρθένου
1126 781 1157 843 ἐν
1171 778 1262 866 Λέρῳ
1278 784 1443 844 alebantur.
1477 783 1535 841 Hic

413 899 508 968 locus,
523 898 574 955 nbi
585 897 700 955 Dianae
712 899 853 974 templum
863 898 972 968 iuerat,
984 899 1030 956 vel
1042 898 1128 955 bodie
1139 887 1287 979 Παρθένον
1298 902 1419 953 vocatur
1434 886 1533 970 (Rosa.

412 1009 523 1067 Reisen
538 1009 591 1066 auf
602 1007 658 1065 den
673 1008 781 1086 grieob.
794 1010 894 1067 Inseln
908 1009 926 1067 2
941 1028 971 1085 p.
983 1001 1065 1085 121).
1088 1007 1132 1066 Ibi
1149 1006 1282 1083 sepultus
1298 1014 1361 1063 erat
1371 1006 1533 1082 Meleager:

413 1119 444 1177 αἱ
465 1103 499 1177 δὲ
520 1104 650 1200 ἀδελφαὶ
669 1113 751 1201 παρὰ
771 1113 807 1176 τὰ
830 1123 912 1202 σῆμα
935 1110 1074 1201 ἐθρήνουν
1096 1101 1312 1193 ἀδιαλείπτως,
1339 1109 1422 1198 ἄχρις
1442 1108 1534 1182 αὐτὰς

414 1222 546 1313 Ἄρτεμις
562 1218 701 1314 ἁψαμένη
718 1214 819 1308 ῥάβδῳ
836 1223 1065 1312 μετεμόρφωσεν
1080 1228 1120 1297 εἰς
1133 1220 1247 1310 ὄρνιθας
1261 1222 1312 1284 καὶ
1322 1221 1480 1312 Ισίπσζνκισεν
1496 1223 1534 1292 εἰς

413 1333 513 1423 Λέρον
527 1335 583 1405 τὴν
599 1345 702 1414 νῆσον,
725 1333 900 1421 ὀνομάσασα
913 1323 1132 1423 Μελεαγρίδας.
1161 1337 1212 1398 Sio
1231 1338 1371 1396 Antonin.
1386 1335 1533 1395 Liberalis

414 1470 476 1528 cap.
495 1454 511 1510 3
528 1451 685 1510 secundum
696 1450 836 1510 Nicandr.
853 1458 969 1510 metam.
986 1451 1092 1509 librum
1105 1454 1134 1521 3,
1149 1449 1226 1507 unde
1240 1448 1377 1526 Hyginus
1391 1447 1452 1506 fab.
1465 1449 1531 1515 174,

413 1559 499 1620 Ovid.
523 1570 590 1620 met.
608 1563 637 1621 8.
658 1562 729 1632 531,
759 1561 873 1620 Aelian.
895 1562 915 1619 l.
937 1581 1039 1620 comm.
1062 1563 1230 1620 hauserunt.
1261 1557 1373 1617 Omisit
1392 1556 1531 1616 Nicandri

411 1673 606 1750 fragmentum
628 1670 831 1732 Schneider-us.
852 1703 893 1713 —
916 1674 1025 1731 Earum
1047 1673 1160 1749 species
1174 1670 1347 1730 Numidicae
1367 1677 1453 1727 erant
1468 1662 1531 1746 (ca

412 1783 482 1843 lum.
500 1786 527 1842 8.
546 1783 574 1842 2.
592 1776 643 1861 2).,
659 1783 742 1858 „Hae
761 1784 938 1842 novissimae
952 1785 981 1841 in
997 1784 1155 1841 triclinium
1173 1782 1344 1860 gancarium
1358 1780 1530 1838 introierunt

414 1915 430 1952 e
452 1895 549 1954 culina
569 1902 689 1972 propter
711 1895 861 1954 fastidium
884 1895 1042 1953 homiuum.
1076 1895 1212 1953 Veneunt
1237 1898 1358 1968 propter
1383 1890 1529 1967 penuriam

412 2003 546 2084 magno.“
577 2006 669 2065 Varro
691 2007 728 2064 de
749 2025 781 2064 re
802 2014 875 2066 rust.
898 2008 926 2065 3.
949 2007 977 2064 9.
1012 2004 1193 2065 Sacrificavit
1212 2021 1262 2062 eas
1284 2001 1421 2080 Caligula
1441 1995 1527 2078 (Suet.

413 2110 556 2194 (111122.)

475 2228 543 2286 Non
564 2228 658 2306 magis
675 2228 820 2288 Graecum
840 2227 896 2285 fnit
911 2228 1154 2286 columbarum
1173 2225 1357 2285 sacrificium.
1386 2225 1527 2283 Hebraeo·

413 2359 476 2397 rum
491 2339 607 2415 quidem
623 2339 759 2398 mulieres
775 2359 793 2396 a
807 2339 890 2396 Mose
907 2341 934 2397 3.
948 2339 995 2398 12.
1011 2340 1093 2398 oeta
1109 2345 1177 2415 post
1191 2344 1306 2414 partum
1318 2335 1408 2394 binas
1423 2336 1527 2412 palum

414 2450 466 2510 bas
481 2458 645 2509 turturesve
659 2450 797 2508 iubentur
810 2449 989 2523 sacrificare,
1006 2468 1079 2525 quas
1094 2449 1189 2507 Maria
1203 2464 1318 2523 quoque
1328 2466 1386 2523 pro
1401 2447 1469 2505 Iesu
1482 2447 1526 2503 ob·

412 2563 480 2620 tulit
496 2555 550 2640 (ev.
563 2561 635 2622 Luc.
650 2562 678 2620 2.
693 2555 758 2639 24);
774 2579 868 2637 neque
884 2567 981 2618 tamen
997 2561 1156 2625 communis
1170 2559 1307 2637 gentibus
1317 2555 1456 2634 Syriacis
1468 2561 1526 2637 e'rat

411 2674 484 2731 haec
498 2673 628 2733 victima:
650 2674 722 2732 deae
738 2670 841 2750 Syriae
861 2679 940 2731 certe
954 2672 1117 2731 columbam
1136 2669 1256 2730 mactari
1272 2667 1356 2728 nefas
1372 2669 1527 2728 habebatur

414 2778 547 2854 (Lucian.
564 2785 600 2842 de
615 2786 670 2843 dea
685 2782 772 2861 Syria
783 2778 850 2862 54),
866 2791 896 2841 et
910 2785 942 2841 in
953 2783 1111 2860 Lyciorum
1126 2783 1259 2859 sepulcro
1270 2781 1405 2840 Xanthio
1420 2782 1478 2838 tab.
1492 2779 1525 2837 20

412 2914 459 2971 ap.
476 2894 612 2954 Fellows.
628 2914 711 2965 vasa,
725 2895 833 2964 cistae,
849 2894 1051 2971 quadrupedes
1066 2902 1197 2952 mortuae
1211 2899 1379 2970 portantur,
1401 2891 1526 2950 columba

412 3004 478 3063 viva
503 3006 540 3062 ab
565 3005 762 3074 adolescente,
789 3005 854 3062 viva
879 3005 950 3064 ibid.
977 3007 1036 3064 tab.
1058 3007 1105 3064 14.
1128 3007 1145 3064 8
1167 3011 1197 3061 ot
1211 3006 1270 3063 tab.
1287 3004 1324 3061 16
1340 3021 1359 3059 a
1379 2999 1523 3061 muliere‘.

414 3113 533 3174 Sacram
554 3116 629 3199 hanc
648 3133 730 3173 avem
745 3115 853 3173 Veneri
872 3115 966 3175 fuisse
986 3123 1116 3187 constat;
1137 3114 1258 3172 mactari
1277 3113 1351 3171 deae
1370 3133 1389 3171 a
1410 3111 1524 3172 Graccis

412 3245 506 3303 noque
521 3226 645 3304 scriptor
659 3226 737 3285 nllus
752 3225 873 3284 tradidit
886 3245 980 3301 neque
991 3227 1097 3285 artifex
1107 3226 1202 3303 pinxit
1213 3224 1383 3300 sculpsitve.
1407 3220 1524 3283 Romani

412 3338 526 3395 demum
541 3345 571 3395 et
584 3337 791 3413 imperatorum
807 3338 924 3413 quidem
939 3345 1035 3395 aetate
1045 3338 1198 3415 palumbus
1210 3334 1320 3394 Veneri
1330 3313 1522 3394 immolabant.

412 3447 497 3507 Ovid.
512 3449 580 3506 fast.
600 3452 626 3507 l.
643 3450 719 3508 451:
743 3450 821 3528 Ergo
837 3468 926 3526 saepe
941 3467 994 3507 suo
1009 3448 1135 3522 coniunx
1150 3448 1275 3507 obducta
1289 3447 1394 3504 marito

818 3561 912 3618 uritur
926 3559 1028 3618 Idaliis
1043 3559 1112 3617 alba
1126 3559 1259 3617 columba
1271 3558 1356 3616 focis.

388 3717 393 3724 .
411 3671 499 3748 Prop.
517 3672 545 3730 4.
560 3672 591 3731 d.
611 3672 665 3730 65:
682 3668 741 3732 Sed
755 3689 827 3748 cape
842 3678 1008 3748 torquatus,
1023 3669 1122 3729 Venus
1138 3688 1154 3728 o
1169 3668 1290 3745 regina,
1301 3670 1453 3728 columbae

768 3783 804 3840 ob
819 3784 954 3841 meritum
969 3789 1038 3839 ante
1052 3789 1117 3839 tuos
1131 3788 1249 3859 guttura
1263 3786 1345 3838 secta
1358 3779 1448 3839 focos.
1496 3837 1501 3850 ,

480 3960 571 4011 *Luc
594 3960 744 4014 Holstenius
766 3961 794 4014 in
818 3962 943 4016 Gronovii
965 3959 1031 4017 thes.
1055 3959 1147 4014 tonul
1168 3959 1263 4030 parti
1281 3978 1307 4029 p.
1322 3958 1372 4012 296
1396 3954 1523 4013 Commodi

412 4062 550 4099 nummum
568 4044 647 4096 edidit
664 4062 757 4098 cusum
774 4047 802 4099 in
820 4047 1019 4100 Laodicensium
1038 4063 1098 4098 cnm
1115 4042 1233 4115 Ephesiis
1255 4045 1363 4109 foedus,
1386 4046 1431 4097 ubi
1452 4044 1523 4095 homo

415 4132 536 4183 barbatus
554 4130 654 4182 Dianae
671 4130 798 4201 Ephesiae
817 4133 966 4185 columbam
982 4132 1098 4201 praebet.
1132 4132 1167 4183 At
1183 4130 1278 4182 melius
1295 4131 1381 4199 pictus
1399 4134 1440 4182 est
1455 4144 1523 4181 num·

411 4235 471 4270 mus
490 4233 530 4286 ap.
549 4216 675 4269 Mionnet.
694 4215 711 4266 4
728 4232 753 4284 p.
767 4214 816 4267 325
835 4234 907 4270 num.
922 4218 982 4269 755:
1007 4218 1045 4270 ibi
1061 4234 1115 4269 nou
1132 4215 1278 4279 hominem,
1296 4216 1343 4267 scd
1360 4216 1448 4269 lovem
1465 4214 1524 4265 Lao

412 4303 557 4355 dicensium
568 4307 719 4371 patronum,
738 4317 790 4351 non
803 4302 964 4363 columbam,
982 4301 1028 4352 sed
1040 4302 1107 4353 lovis
1121 4301 1237 4371 aquilam
1249 4317 1306 4353 esse
1318 4307 1434 4370 apparet.
1456 4296 1523 4361 Quod

411 4387 506 4457 Porph.
520 4387 551 4440 de
564 4386 668 4441 abst.4.
684 4384 714 4437 16
727 4384 816 4437 tradit:
836 4383 860 4434 αἱ
878 4388 919 4450 τῆς
938 4384 1017 4445 Μαίας
1035 4384 1115 4456 ἱέρειαι
1132 4373 1222 4450 ταύτὴν
1241 4382 1354 4456 (udatur)
1372 4379 1434 4454 ἀὐτῇ
1450 4382 1524 4433 doctr·

414 4471 492 4534 θέασι,
511 4489 569 4525 eam
586 4472 695 4537 sacrari,
713 4486 767 4523 non
785 4469 927 4524 sacrificari
944 4469 1087 4538 significat,
1105 4476 1135 4523 ut
1151 4475 1177 4523 et
1190 4470 1300 4523 verbum
1313 4466 1404 4520 ἀνατιθ.
1418 4466 1524 4522 ostendit

413 4561 439 4607 et
456 4571 498 4620 ea,
518 4573 584 4625 qnae
602 4558 634 4611 de
652 4557 722 4627 gallo
740 4555 829 4610 Cereri
845 4555 930 4609 dicato
947 4571 1032 4625 neque
1050 4572 1167 4625 unquam
1184 4557 1255 4609 laeso
1272 4560 1425 4624 sequuntur.
