3592 5400
760 520 802 563 us
823 522 904 564 scm
922 523 961 566 ιιι
982 525 1070 567 rcus.
1406 514 1464 577 197

344 667 382 730 τό
396 666 534 756 πήγανον
547 677 667 755 πρῶτον
682 666 736 755 μὲν
750 666 921 758 ἐσθιύμανον
932 673 982 734 καὶ
993 673 1148 760 πινόμονον
1161 666 1334 763 ὀξυδορκίαν
1345 691 1427 743 ποιεῖ
1439 729 1464 744 ..

346 775 465 852 ένωθεὶς
480 767 514 840 δὲ
528 778 617 865 χυλός
631 787 686 841 τοῦ
701 778 838 868 πηγάνου
854 781 933 868 μετά
947 786 1041 870 χυλοῦ
1057 781 1208 872 μαράθρου
1221 789 1271 849 καὶ
1283 786 1403 874 μέλιτος
1415 793 1465 853 καὶ

344 887 580 976 καταχρώμενος
600 890 796 976 ἀμβλυωπίας
816 896 905 954 ἰᾶται
939 898 1102 957 Florentia.
1123 900 1153 957 in
1176 901 1307 978 Geopon.
1334 905 1386 975 12,
1409 907 1463 965 25:

343 1008 399 1062 τοῦ
415 987 450 1062 δὲ
461 999 565 1087 ἀγρίου
575 997 713 1087 πηγάνου
725 1004 741 1062 ὀ
752 1002 843 1088 χυλός
858 1049 882 1063 ..
899 1003 1137 1091 ύπαλειρόμενος
1148 995 1321 1094 ὀξυδορκίαν
1334 1007 1463 1098 παρέχει

343 1110 396 1171 καὶ
416 1107 530 1196 ἀχλύας
551 1098 584 1172 δὲ
604 1106 769 1196 ὀρθαλμῶν
789 1113 840 1173 καὶ
860 1111 1015 1198 ύποχύσεις
1035 1114 1198 1203 ἀρχομένας
1218 1116 1282 1180 λύει
1302 1114 1463 1205 ἀνθρώπων

460 1209 560 1300 ζῴων,
575 1218 695 1306 μέλιτος
710 1218 850 1284 Ἀττικοῦ
865 1222 965 1309 μέρεσι
981 1212 1061 1286 δυσὶ1
1082 1229 1175 1312 χιλοῦ
1189 1237 1244 1289 τοῦ
1259 1226 1395 1317 πηγάνου
1411 1227 1464 1318 μέ-

343 1353 411 1416 ρους
431 1328 513 1403 ἑνός2
533 1328 712 1418 μιγνυμένου
727 1332 778 1392 καὶ
792 1332 1028 1418 ἐπαλειρομένου
1049 1348 1078 1396 ct
1098 1360 1127 1415 q.
1144 1361 1168 1401 s.
1199 1343 1316 1402 Similia
1335 1345 1372 1401 ad
1391 1346 1464 1403 hacc

341 1447 434 1504 rerba
452 1445 557 1504 Nicias
577 1464 612 1503 cx
632 1446 756 1522 Apuleio
776 1447 886 1505 medico
907 1466 970 1523 cap.
990 1450 1044 1518 90,
1073 1451 1150 1509 Rufo
1169 1472 1216 1527 ap.
1238 1451 1340 1530 Serap.
1364 1456 1461 1531 simpl.

342 1575 407 1632 cap.
421 1558 477 1625 30,
497 1556 584 1614 Aetio
604 1563 634 1613 et
649 1554 748 1615 Sethis
769 1557 936 1632 adscripsit.
965 1559 1012 1615 ltu
1027 1557 1113 1619 Orid.
1135 1581 1204 1620 rem.
1222 1563 1266 1622 ed.
1283 1582 1373 1621 amor.
1390 1566 1460 1623 801.

342 1667 404 1725 sch.
420 1665 509 1723 Hom.
525 1663 582 1724 Od.
599 1668 651 1735 10,
669 1666 739 1724 305.
762 1666 841 1724 l'lin.
858 1687 886 1724 n.
903 1669 931 1724 h.
949 1669 1003 1737 20,
1023 1672 1076 1739 13,
1093 1672 1147 1740 51,
1168 1673 1216 1746 qui
1232 1673 1326 1731 addit:
1350 1673 1460 1752 „Scup-

344 1786 422 1835 torss
444 1784 473 1832 et
492 1773 637 1852 pictorcs“
655 1769 722 1852 (hoc
735 1777 837 1835 Aetius
853 1785 883 1834 ct
898 1775 980 1836 sethi
995 1798 1109 1854 (rusque
1124 1775 1281 1858 affirmant)
1304 1786 1378 1857 „hoc
1397 1786 1461 1843 cibo

342 1241 378 1282 τε
393 1219 446 1281 καὶ

342 1896 464 1945 utuntur
478 1887 627 1946 oculorum
642 1905 729 1945 causa
744 1929 752 1944 .
766 1930 773 1944 .
780 1929 790 1957 ,
805 1907 909 1964 caprae
920 1906 1035 1963 quoquc
1047 1890 1210 1961 silrcstrcs,
1226 1901 1346 1969 propter
1356 1894 1460 1963 risum,

343 2006 374 2055 ut
389 1993 502 2055 aiunt.“

405 2109 453 2167 Ad
474 2108 594 2166 eandem
615 2126 675 2165 rem
696 2116 776 2165 tura
795 2108 1016 2167 adhibebantur.
1050 2093 1269 2186 Λιβανωτίδων
1294 2129 1411 2169 succum
1431 2122 1461 2170 ct

342 2219 469 2276 radicem
489 2226 520 2276 ct
538 2219 656 2276 herbam
676 2219 763 2276 melle
783 2218 908 2277 admisto
927 2219 1066 2277 adversus
1086 2214 1298 2300 ἀμβλυωπίας,
1322 2216 1389 2279 ὅσαι
1410 2206 1460 2280 διά

341 2322 437 2410 πάχος
446 2328 542 2411 ὑγρῶν
550 2323 694 2411 γίνονται,
701 2328 839 2404 prodesse
850 2329 892 2385 ait
900 2329 1031 2389 Gulcuus
1043 2331 1079 2387 de
1091 2330 1188 2407 simpl.
1196 2331 1337 2389 medicam
1347 2333 1374 2401 7,
1385 2336 1457 2403 11,3

342 2435 422 2516 (tom.
440 2440 477 2497 14
488 2459 517 2514 p.
532 2439 569 2496 61
586 2431 726 2516 Kuehu.).
749 2439 883 2498 Dioscor.
901 2442 932 2509 1,
947 2442 983 2497 Π
1001 2448 1089 2499 extu:
1105 2435 1216 2521 σμύρνη
1231 2438 1343 2521 πληροῖ
1355 2437 1406 2498 καὶ
1420 2437 1459 2499 τά

341 2549 372 2609 ἐν
388 2541 553 2632 ὀφθαλμοῖς
568 2540 642 2612 ἕλκη
658 2543 710 2604 καὶ
725 2544 858 2630 καταίρει
872 2543 914 2606 τοὶ
928 2543 1112 2630 λευκώματα
1127 2545 1177 2606 καὶ
1191 2543 1232 2606 τά
1243 2547 1459 2609 ἐπισκοτοῦντα

340 2665 407 2729 ταῖς
422 2654 531 2742 κύραις.

404 2771 449 2830 Ut
462 2790 547 2847 porro
561 2777 627 2828 ruta
641 2771 701 2828 acri
716 2771 802 2829 odore
818 2790 866 2840 ca,
888 2791 963 2848 quac
982 2771 1096 2848 impura
1111 2780 1140 2828 et
1154 2772 1241 2829 noxia
1256 2779 1370 2841 essent,
1392 2792 1458 2848 pro-

340 2882 450 2959 psllcrc
466 2881 631 2952 videbatur,
647 2882 690 2939 ita
704 2882 791 2939 ctiam
804 2883 877 2941 turis
889 2882 969 2948 odori
980 2881 1107 2956 aliquam
1119 2882 1264 2940 lustrandi
1276 2882 1334 2940 vim
1345 2890 1458 2941 vctcrcs

340 2993 514 3051 tribuerunt.
542 2992 621 3049 Plut.
643 2992 679 3049 dc
693 2992 772 3050 Iside
792 3011 854 3069 cap.
869 2995 909 3053 80
931 3013 960 3069 p.
975 2995 1034 3051 383
1049 2993 1082 3050 b:
1103 2989 1166 3051 ἐπεὶ
1187 2991 1202 3050 ὁ
1227 2987 1282 3075 ἀῆρ
1298 3036 1323 3049 ..
1344 2986 1457 3076 νύκτωρ

340 3105 505 3162 πυκνοῦται
521 3098 571 3158 καὶ
584 3089 678 3171 πιέζει
691 3097 728 3160 τό
745 3107 833 3185 σῶμα
853 3099 903 3159 καὶ
924 3095 1044 3186 συνάγει
1058 3098 1113 3168 τὸν
1129 3093 1223 3185 ψυχὴν
1244 3103 1284 3171 εἰς
1297 3098 1334 3161 τό
1351 3087 1457 3160 δύσθυ-

341 3230 397 3296 μον
412 3254 437 3268 ..
454 3200 515 3268 οἷον
530 3196 673 3293 ἀχλυώδη
688 3207 864 3296 γιγνομένην
879 3256 885 3270 .
898 3255 920 3287 .‚
937 3204 1021 3279 εὐθὺς
1036 3204 1209 3294 ἐπιθυμιῶσι
1221 3208 1338 3295 ῥητίνην
1351 3207 1457 3290 (qualis

339 3325 459 3399 myrrha
473 3330 519 3380 cst
534 3329 563 3379 et
578 3323 732 3393 mastiche,
749 3340 835 3397 quam
850 3322 880 3379 iu
895 3321 1038 3398 sepulcris
1050 3323 1201 3380 Thebanis
1216 3322 1376 3381 adhibitam
1392 3341 1457 3380 esse

339 3433 535 3493 erkiusonb
551 3453 580 3509 p.
595 3435 654 3492 339
671 3433 739 3492 libri
750 3434 868 3491 maioris
883 3424 997 3509 probat)
1015 3476 1021 3489 .
1036 3476 1043 3489 .
1060 3422 1250 3512 καθαίροντες
1263 3427 1317 3489 τὸν
1329 3425 1402 3514 ἀέρα
1417 3475 1456 3505 ..,

339 3536 463 3625 ἐχούσης
482 3560 512 3600 τι
531 3547 586 3612 τῆς
606 3541 699 3625 ὀσμῆς
718 3527 845 3625 σροδρόν
865 3537 916 3598 καὶ
934 3535 1181 3620 παραπληκτικόν
1201 3583 1226 3597 ..
1247 3527 1337 3609 Αὖθις
1356 3583 1382 3598 ..
1401 3537 1457 3607 τὴν

340 3646 470 3736 σμύρναν
484 3645 672 3735 ἐπιθυμιῶσι·
694 3638 809 3710 διαλύει
824 3647 881 3737 γάρ
902 3652 921 3717 η
938 3643 1083 3734 θερμότης
1102 3646 1153 3707 καὶ
1172 3634 1305 3715 σκίδνησι
1326 3646 1363 3709 τό
1379 3670 1457 3709 συνι-

340 3757 488 3845 στάμενον
503 3761 534 3822 ἐν
548 3767 593 3839 τῷ
609 3758 772 3845 περιέχοντι
787 3756 909 3844 θολερὸν
924 3756 974 3818 καὶ
989 3744 1119 3829 ἰλυῶδες.
1143 3761 1232 3819 Addit
1247 3762 1455 3839 unguentariis,

339 3876 410 3933 dum
429 3874 535 3951 kyphi,
556 3873 632 3949 quod
652 3874 778 3944 dicatur,
799 3893 833 3931 ex
848 3873 999 3931 odoriferis
1014 3871 1187 3945 quibusdam
1206 3872 1311 3931 resinis
1333 3873 1456 3949 plantis·

339 4004 397 4061 quc
412 3992 601 4060 componant,
618 4003 701 4043 sacra
716 3984 825 4059 scripta
840 3983 970 4052 recitari3
990 3981 1131 4041 Nicolaus
1146 3983 1221 4059 Myr.
1237 3984 1265 4055 1,
1283 3985 1342 4043 999
1360 3977 1399 4062 (p.
1416 3986 1455 4043 92

338 4096 384 4155 ed.
401 4096 426 4153 F
428 4096 508 4152 uchs.
524 4094 616 4153 Basil.
637 4095 715 4153 1549
731 4093 750 4151 f.
768 4083 853 4167 max.)
869 4093 905 4149 dc
920 4092 1021 4149 eodem
1035 4102 1196 4170 unguento:
1218 4101 1266 4169 „ct
1281 4096 1354 4152 hacc
1368 4095 1455 4151 conii-

338 4206 443 4265 cicudo
455 4205 515 4263 dic:
528 4202 548 4261 ἀ
559 4202 574 4261 ἑ
586 4204 613 4261 ui
623 4196 687 4283 (sic)
697 4202 731 4261 οὐ
743 4199 803 4275 ὠ,“
815 4202 891 4261 sicut
902 4222 985 4261 sacra
996 4204 1136 4280 quaedam
1147 4205 1287 4263 vocabula
1298 4204 1455 4262 excusetis

409 4376 417 4407 ¹
437 4373 485 4427 Hic
503 4374 581 4427 omisi
598 4374 645 4425 κα1.

408 4458 419 4492 ²
438 4458 482 4510 Sic
500 4460 592 4529 scripsi
609 4475 655 4529 pro
674 4458 747 4528 μέρος
764 4457 800 4510 ἓνε
820 4475 872 4511 una
889 4466 963 4530 parts
980 4460 1052 4516 succi
1070 4476 1130 4512 cum
1147 4459 1247 4513 duabus
1262 4457 1379 4527 partibus
1391 4461 1454 4511 mel·

336 4545 370 4598 lis
387 4543 481 4597 mixta.
