3592 5400
830 527 922 569 unta
942 528 962 568 1.
1396 503 1455 571 1³7

644 674 806 764 μεἰστιγος1
822 670 916 762 ψόφος
930 672 1029 747 πολύς.

406 787 453 839 Διὰ
475 785 570 837 τούτων
592 784 633 837 καί
653 787 703 834 τῶν
725 783 820 841 τούτοις
843 780 936 851 ὁμοίων
959 780 973 833 ὁ
995 783 1104 850 γενναῖος
1127 779 1255 846 Ἑλλήνων
1278 782 1454 852 φιλόσοφος..

338 880 381 946 τὴν
400 878 429 931 ἐκ
447 879 541 948 λογίων
560 877 707 946 ριλοσορίαν
725 874 759 938 ὡς
777 875 905 945 ἀπόρρητα
923 874 983 926 θεῶν
1002 875 1162 946 περιέχουσαν
1180 874 1254 944 λόγια
1272 876 1454 945 παραραίνει..

338 972 368 1025 ‘0
386 971 414 1024 δὲ
433 970 555 1023 ἐπιτείνων
574 971 616 1022 τὀν
635 968 722 1021 οἰκεῖον
741 966 845 1038 ἔλεγχον
864 969 1008 1038 προστίθησι
1026 973 1077 1029 τοῖς
1095 967 1226 1038 εἰρημένοις
1245 969 1284 1020 καί
1302 969 1407 1021 saisost·

400 1074 438 1131 V.
453 1074 490 1131 15
505 1092 534 1148 p.
552 1074 610 1131 120
626 1070 728 1148 Steph.
744 1091 773 1146 p.
788 1071 848 1129 204
861 1089 877 1127 c
891 1071 956 1148 Vrg.
990 1059 1067 1127 Ὁτι
1083 1052 1116 1127 δὲ
1131 1067 1249 1153 φιλοῦσι
1264 1064 1304 1127 τοὶ
1319 1063 1456 1153 σύμβολα

338 1188 398 1240 τῶν
418 1177 627 1265 χαρακτήρων,
642 1180 661 1246 ή
677 1173 793 1243 Ἑκάτη
812 1173 1051 1261 παραβάλλουσαι
1073 1174 1144 1261 πρὸς
1166 1178 1186 1236 ἃ
1206 1178 1339 1260 ιριλοῦσιν
1358 1179 1386 1237 οἱ
1404 1173 1456 1238 ἄν·

339 1286 450 1375 θρωποι
465 1288 616 1376 μεμήνυκε
633 1276 826 1348 θεοίτούτων·
868 1306 875 1319 “

467 1404 519 1480 Τίς
534 1406 638 1492 βροτὸς
653 1408 688 1466 οὐ
703 1401 857 1472 recitem
872 1402 1082 1491 χαρακτῆρας1
1098 1399 1268 1466 ὀποίσασθαι

466 1519 582 1603 χαλκοῦ
598 1516 648 1577 καὶ
662 1512 791 1601 γρυσοθ4
805 1514 855 1575 καὶ
870 1512 998 1601 ἀργύρου
1014 1513 1203 1602 αἰγλήεντος

372 1633 442 1691 120.
466 1626 509 1700 τίς
525 1615 557 1688 δὲ
571 1614 639 1687 πάθ’
651 1627 685 1686 οὐ
701 1622 813 1710 ’,οιλέει5
827 1631 888 1685 τῶν
905 1612 942 1692 δή
958 1620 1142 1709 καθύπερθεν
1157 1622 1303 1710 ἐφεστώς,

467 1740 505 1809 εἰς
519 1741 539 1813 †
554 1738 583 1797 ἓν
598 1734 782 1822 ἐγειρόμενος
798 1737 865 1820 εἴρω
880 1732 1045 1820 πολυμερὲς
1060 1733 1200 1819 φωτῶν6;

399 1859 534 1916 Vidimus
551 1859 595 1916 bis
610 1858 805 1934 Porphyrium
820 1859 856 1914 de
871 1857 1023 1916 sacrificiis
1039 1856 1147 1934 egisse,
1168 1859 1348 1933 eundemque
1362 1860 1398 1918 V.
1418 1864 1452 1918 ll

340 1970 540 2030 coniunxisse:
556 1964 623 2025 τίνα
636 1952 668 2025 δὲ
681 1952 818 2025 briddam
830 1963 880 2024 καὶ
891 1965 926 2024 ἐκ
937 1962 1022 2036 ποίας
1033 1960 1144 2048 ἡμέρας
1155 1959 1356 2048 ἐκτρέπεσθαι.
1383 1967 1455 2030 Cum

339 2082 392 2141 hoc
406 2081 520 2138 dierum
535 2080 647 2137 delectu
663 2081 816 2137 cohaerere
831 2078 966 2136 videntur
979 2097 1054 2154 quae
1069 2085 1237 2153 sequuntur.

407 2262 416 2294 ¹
436 2261 494 2313 Iota
512 2259 648 2327 corripitur
666 2267 695 2311 nt
712 2277 728 2311 a
746 2259 872 2329 Gregorio
882 2259 945 2312 Nar.
962 2260 990 2312 in
1008 2258 1078 2312 anth.
1091 2258 1145 2312 Pal.
1159 2257 1183 2312 8.
1197 2258 1256 2311 110:
1275 2254 1389 2328 μάστιγες
1407 2259 1457 2331 οὐχ

339 2343 421 2397 ὁσίων.
452 2344 492 2396 Ita
504 2342 625 2413 χοίνικος,
639 2344 764 2412 πέρδικος,
778 2343 893 2404 κόλλικος
912 2346 965 2398 iota
981 2345 1113 2398 interdum
1131 2345 1282 2413 corripiunt.
1306 2343 1345 2398 Cf.
1357 2343 1455 2399 Nauck

339 2431 369 2482 de
379 2408 513 2498 bristoph.
524 2427 588 2496 Byr.
601 2446 626 2498 p.
640 2427 694 2481 184.
722 2429 868 2499 Flagellum
885 2431 948 2482 artis
965 2431 1143 2483 monumentis
1154 2427 1259 2481 Phoebo
1277 2429 1399 2483 tribuitur
1415 2433 1457 2484 vel

338 2516 386 2580 ibi,
408 2515 456 2567 ubi
478 2530 556 2566 curro
578 2513 642 2565 dens
664 2531 717 2567 non
738 2513 852 2579 vehitur,
875 2520 902 2566 ot
923 2531 1004 2584 qnnm
1027 2515 1106 2567 etiam
1124 2513 1198 2566 Luna
1220 2514 1357 2583 aliquoties
1379 2532 1456 2569 curru

339 2599 455 2663 vehatur,
473 2598 506 2651 ad
524 2614 583 2651 eam
600 2615 703 2669 qnoque
715 2597 851 2668 flagellum
863 2600 984 2668 pertinet.
1012 2599 1124 2668 Flagelli
1138 2599 1236 2668 crepitu
1250 2600 1384 2653 oraculum
1397 2601 1456 2653 dae·

339 2702 430 2739 mones
447 2684 532 2737 malos
550 2683 671 2737 deterreri
688 2685 737 2748 ait;
754 2700 817 2737 nam
830 2681 918 2753 κράτος
931 2684 1060 2755 appositio
1075 2689 1126 2737 est:
1144 2681 1279 2753 llagelluru
1296 2700 1456 2756 magnopere

339 2767 464 2833 stridens,
487 2770 627 2824 daemones
650 2770 768 2823 domans.
813 2770 937 2822 Similiter
957 2769 1083 2840 flagrum,
1108 2769 1177 2839 quod
1201 2768 1282 2822 Gallis
1308 2771 1456 2841 „proprium

338 2863 476 2927 gestamen
499 2860 553 2907 est“
579 2861 605 2908 et
627 2872 678 2925 qno
702 2872 810 2926 corpora
831 2870 879 2908 sua
896 2855 1064 2925 castigabant
1080 2856 1108 2908 in
1130 2870 1242 2924 magnae
1260 2856 1351 2908 matris
1374 2857 1455 2909 sacris

338 2942 452 3011 (Apulei.
465 2945 526 2992 met.
538 2939 563 2994 8.
580 2940 618 2994 18.
635 2940 703 2994 Plut.
721 2941 779 2995 adv.
793 2940 912 2994 Colotam
923 2940 957 2994 33
969 2946 1034 2995 extr.
1048 2958 1073 3011 p.
1088 2940 1153 2993 1127
1162 2941 1210 3009 c),
1228 2957 1308 3010 quare
1325 2958 1379 2995 una
1395 2959 1455 2995 cum

338 3026 457 3089 crotalis,
480 3026 619 3093 cymbalis,
637 3026 721 3078 cnltro
738 3023 851 3095 flagrum
867 3028 894 3079 in
911 3027 1033 3079 manibus
1052 3027 1145 3079 votivis
1160 3027 1326 3096 sculpebatnr
1336 3029 1456 3095 ·(Monts-

336 3112 396 3165 talc.
410 3116 463 3163 ant.
476 3110 546 3179 expl.
560 3109 584 3161 2.
600 3109 655 3163 137.
667 3111 692 3164 4.
706 3113 805 3181 antiqq.
819 3112 955 3164 Herculan.
969 3112 994 3164 5.
1006 3128 1031 3181 p.
1043 3111 1069 3166 5.
1079 3112 1136 3179 37),
1154 3111 1303 3164 Macrobioe
1321 3112 1353 3164 ad
1370 3113 1456 3166 numi·

337 3197 379 3249 nis
397 3195 543 3265 potentiam
560 3195 639 3247 refert
656 3195 710 3248 Sat.
727 3196 747 3247 l.
761 3196 805 3247 21:
832 3195 936 3259 „Solem
953 3198 1002 3249 snb
1020 3197 1126 3248 nomine
1143 3196 1238 3247 Attidis
1256 3201 1350 3249 ornant
1366 3197 1455 3249 fistula

337 3287 364 3334 et
380 3281 457 3349 virga
476 3319 502 3334 ..
520 3280 602 3348 Virga
617 3285 774 3349 potestatem
792 3282 855 3333 solis
872 3282 978 3344 asserit,
1001 3282 1047 3349 qui
1070 3285 1164 3332 cuncta
1180 3280 1355 3334 moderatur.“
1391 3281 1455 3333 Strl·

338 3367 400 3419 dore
412 3371 512 3418 veteres
528 3364 728 3418 fascinationem
744 3372 769 3418 et
780 3366 905 3418 Lemures
921 3366 1017 3434 pellere
1033 3364 1084 3416 sibl
1097 3364 1259 3417 videbantur.
1287 3362 1325 3415 uf.
1338 3363 1368 3416 0.
1381 3364 1453 3419 Iahn.

337 3456 387 3503 act.
401 3450 474 3503 acad.
487 3449 586 3503 Saxon.
601 3466 624 3502 a.
640 3449 716 3513 1855,
732 3451 782 3519 lp.
792 3451 832 3502 79.

407 3534 417 3568 ²
440 3535 510 3587 Haec
526 3535 606 3586 verba
624 3535 777 3600 ostendunt,
796 3550 827 3587 ea
845 3551 913 3604 quae
930 3539 1085 3603 sequnntur,
1104 3531 1279 3601 aPorphyrio
1297 3534 1400 3587 oraculo
1417 3535 1456 3588 illi

336 3620 468 3673 trochaico
486 3636 543 3673 esse
562 3636 673 3672 annexa.

406 3705 418 3739 ³
440 3705 526 3775 Alpha
538 3706 590 3757 arsi
602 3705 759 3774 producitur.
773 3704 903 3773 Χαρακτήρ
917 3704 1032 3773 efligies,
1043 3704 1131 3774 imago
1145 3704 1251 3756 caelata.
1264 3702 1354 3755 Aesch.
1368 3705 1453 3773 suppl.

337 3791 395 3845 279.
415 3790 475 3843 Eur.
488 3790 527 3844 El.
540 3789 598 3842 559.

406 3876 417 3908 ⁴
442 3875 485 3927 Sic
504 3892 538 3927 cx
555 3874 602 3927 ΑΗ
618 3874 720 3926 restitui
736 3891 782 3943 pro
800 3878 895 3943 χρυσοῦ
914 3874 953 3924 καὶ
970 3873 1076 3943 χαλκοῦ.

407 3957 417 3992 ⁵
439 3959 487 4012 Hic
504 3959 616 4011 incisum
634 3960 736 4012 sustuli.

407 4044 418 4078 ⁵
442 4042 486 4095 Sic
497 4044 551 4096 ΑΗ.
581 4044 645 4096 Bell.
658 4040 812 4112 ἀγειρόμενος
829 4042 886 4114 εἴρω
898 4042 1058 4113 πολυμοιρέα.
1089 4044 1154 4107 Quia
1164 4044 1323 4117 Porphyrius
1340 4050 1454 4100 enarrat:

337 4144 495 4198 comparans
513 4144 573 4181 com
590 4128 726 4181 hominum
744 4128 855 4193 deliciis,
873 4130 995 4182 emendo:
1014 4191 1017 4198 Ι

543 4211 574 4274 είς
593 4213 625 4264 ἕν’
643 4211 794 4282 ἐγειρόμενος
812 4210 854 4264 τίον
873 4210 922 4282 ἔρω
940 4214 1019 4266 πολὶιν
1036 4212 1112 4285 ἔρνεσι
1131 4219 1234 4286 φωτῶν,

338 4299 402 4363 Quis
420 4299 498 4351 rebus
511 4300 630 4367 supernis
642 4298 803 4368 praefectus,
821 4299 839 4352 i.
853 4316 875 4353 e.
888 4301 947 4369 quis
960 4301 1035 4366 dens,
1053 4302 1194 4353 simulacra
1204 4318 1259 4353 non
1270 4300 1356 4369 petiit,
1375 4304 1454 4364 amat,

337 4385 370 4437 ad
388 4383 500 4436 eandem
517 4384 590 4436 illam
606 4399 733 4452 magnam
750 4383 897 4452 cupidinem
915 4402 976 4438 oum
987 4388 1059 4456 prole
1070 4387 1186 4438 virorum
1203 4385 1342 4436 incitatus?
1371 4384 1454 4437 Accu·
1512 4387 1516 4394 “

337 4470 422 4522 sativo
441 4465 490 4538 ἔρω
507 4469 656 4521 Alexander
672 4468 780 4520 Aetolus
798 4469 825 4521 in
842 4470 967 4522 Meinokii
989 4472 1057 4522 anal.
1074 4471 1150 4524 Alex.
1167 4486 1192 4539 p.
1206 4468 1257 4521 220
1273 4469 1345 4523 lin.1
1365 4470 1453 4535 utitur,

336 4557 367 4607 ut
384 4552 454 4622 γέλω
470 4553 600 4609 Homerus
617 4571 663 4625 pro
682 4552 783 4622 γέλωτα
800 4554 862 4610 dicit
879 4554 926 4607 Od.
941 4554 980 4620 18,
992 4554 1050 4608 349.
1069 4554 1115 4618 20,
1131 4552 1187 4606 Set
1196 4551 1255 4609 346.
