3592 5400
535 511 632 554 CAPUT
646 511 687 553 1v.
709 511 752 553 DE
768 510 974 554 onuctnoat'lt
988 510 1186 555 consuamus.
1375 490 1414 553 61

294 682 363 739 της,
384 660 436 722 καί
453 656 542 722 ἄλλοι
561 659 638 735 τινὲς
656 661 782 723 παλαιοὶ
801 663 958 734 παντελῶς
977 659 1100 749 γελοῖόν
1119 682 1150 722 τι
1171 657 1366 722 πεπόνθασιν
1387 662 1418 724 έν

297 770 352 859 μὲν
376 770 434 860 γὰρ
459 779 525 845 τοῖς
548 771 711 859 προοιμίοις
737 760 928 850 διδάσκουσι,
956 771 987 833 τί
1011 776 1090 834 ἐστιν
1117 769 1418 860 ἀναγραμματισμθς,

295 871 433 970 οὐδαμοῦ
455 870 489 944 δὲ
504 881 659 969 φαίνονται
678 883 764 944 αὐτοὶ
778 879 967 970 χρησάμενοι
995 886 1055 947 Ubi
1073 906 1162 963 quum
1180 894 1282 944 auctor
1299 885 1417 964 optimis

297 1006 327 1056 et
345 997 470 1056 vetustis
486 1005 708 1069 annumeretur,
727 998 916 1057 Aristarchus
930 1005 1028 1056 autem
1043 999 1189 1056 coniector
1203 993 1419 1075 prorsus'iguc·

296 1118 345 1169 tus
360 1109 413 1181 sit,
429 1092 635 1191 Ἀρίστανδρος
650 1109 833 1170 scribendum
847 1110 968 1168 videtur.
991 1109 1165 1169 Aristander
1179 1115 1208 1167 et
1219 1107 1419 1168 Artemidorus

297 1220 455 1280 certissimi
480 1220 659 1278 coniectores
685 1221 813 1278 omnium
836 1221 931 1279 instar
949 1239 968 1278 a
986 1219 1117 1278 Lucieno
1139 1221 1287 1298 Philopat.
1314 1221 1352 1279 21
1373 1237 1418 1295 sq.

297 1332 492 1390 nominantur.
523 1332 604 1389 Idem
626 1332 800 1390 Aristander
820 1332 857 1389 de
880 1331 1025 1409 portentis
1040 1332 1168 1408 scripsit.
1190 1332 1268 1390 Pliu.
1284 1351 1314 1389 ιι.
1325 1332 1354 1390 h.
1371 1331 1418 1390 17.

299 1444 350 1501 25.
364 1444 419 1501 38:
437 1442 619 1516 „Laodiceae
633 1442 741 1501 Xerxis
764 1443 890 1500 adventu
905 1442 1025 1518 platano
1040 1443 1071 1501 in
1090 1443 1185 1501 oleam
1204 1449 1330 1513 mutata,
1349 1460 1420 1518 qua·

298 1555 377 1613 libus
392 1554 517 1612 ostentis
531 1552 698 1611 Aristandri
712 1554 790 1630 apud
805 1552 938 1613 Graecos
953 1555 1087 1612 volumen
1103 1549 1226 1612 scatet.“
1249 1553 1285 1610 Iu
1299 1553 1367 1611 libri
1382 1553 1418 1611 17

298 1672 469 1743 argumento
490 1664 697 1740 „Aristander,
724 1664 774 1739 qui
794 1664 831 1721 de
849 1660 1012 1742 μοιίειιΐὶεα
1034 1672 1166 1735 vocatur,
1188 1683 1226 1723 ue
1246 1683 1311 1723 oum
1329 1663 1420 1724 Atho·

300 1776 414 1846 niensi,
440 1775 483 1832 rei
510 1776 637 1833 rusticae
662 1775 817 1852 scriptore,
845 1782 1044 1833 commutetur.
1077 1776 1248 1835 PlatonIeus
1273 1777 1379 1835 dicitur
1403 1794 1421 1833 a

298 1887 424 1944 Proculo
434 1887 465 1943 iu
477 1885 556 1944 Tim.
570 1889 587 1944 3
601 1906 629 1963 p.
646 1888 719 1957 186,
735 1887 793 1944 nisi
808 1886 884 1944 alius
898 1887 985 1944 homo
1000 1886 1182 1965 significatur
1195 1886 1384 1964 cognominis.

364 1995 536 2056 Aristotelis
552 2005 581 2054 et
595 1997 710 2055 auditor
724 2005 754 2055 et
768 1996 913 2074 malignus
928 1997 1105 2055 detrectator
1120 1989 1275 2074 (Themist.
1291 1999 1374 2075 soph.
1389 2017 1419 2074 p.

301 2108 362 2167 285
377 2099 413 2186 b)
435 2107 683 2167 Dicaearchus
702 2107 770 2178 fuit,
793 2108 917 2166 Phidiae
935 2108 1028 2178 filius,
1051 2108 1258 2179 Mamertinus,
1286 2109 1336 2185 qui
1353 2108 1421 2166 inde

299 2221 337 2277 ab
353 2218 391 2276 ol.
408 2216 479 2277 CXI
488 2217 588 2297 viguit.
606 2211 711 2298 (Suid.)
727 2218 810 2277 Dicit
822 2220 859 2277 de
874 2238 909 2277 eo
924 2217 985 2277 Cic.
1001 2219 1038 2277 de
1052 2219 1109 2276 div.
1125 2219 1149 2278 I.
1167 2221 1195 2277 3.
1212 2219 1241 2278 5.
1257 2226 1288 2277 et
1300 2220 1421 2279 totidem
1471 2289 1478 2297 .

299 2328 362 2386 fere
375 2328 473 2387 verbis
487 2329 526 2386 Π.
543 2331 593 2388 48.
613 2331 672 2388 100
693 2338 723 2387 et
742 2330 887 2389 similibus
907 2330 931 2389 I.
949 2331 998 2389 50.
1018 2332 1087 2389 113.
1115 2331 1194 2389 Idem
1214 2332 1251 2389 11.
1273 2331 1324 2390 51:
1346 2331 1420 2390 1052

303 2441 447 2517 ,Magnus
460 2439 633 2498 Dicaearchi
649 2441 724 2502 liber
739 2450 798 2512 est,
815 2441 928 2500 nescire
942 2460 977 2498 ea
992 2433 1080 2517 (quae
1092 2449 1216 2499 ventura
1230 2434 1301 2520 sint)
1316 2441 1420 2501 melius

301 2547 466 2626 essequam
477 2547 582 2610 scire.“
605 2551 684 2611 Plut.
700 2552 736 2609 de
751 2552 826 2627 plac.
838 2551 945 2628 philos.
961 2552 997 2611 V.
1013 2554 1039 2610 1.
1055 2571 1084 2628 p.
1098 2553 1160 2611 904
1172 2571 1202 2609 e:
1218 2543 1422 2635 Ἀριστοτέλης

301 2657 352 2720 καὶ
366 2653 545 2745 Δικαίαρχος
563 2656 600 2720 τὰ
620 2654 688 2720 κατ’
708 2652 922 2746 ἐνθουσιασμὸν
942 2655 1031 2745 μόνον
1050 2654 1264 2747 παρεισάγουσι
1283 2657 1334 2720 καὶ
1351 2656 1422 2731 τοὺς

301 2767 440 2855 ὀνείρους,
456 2764 607 2831 ἀθάνατον
623 2766 675 2856 μέν
691 2764 765 2831 εἶναι
781 2771 815 2831 οὐ
827 2759 996 2855 νομίζοντες
1009 2768 1065 2839 τὴν
1080 2762 1185 2856 ψυχίν,
1200 2764 1280 2832 θείου
1296 2757 1330 2831 δέ
1343 2789 1422 2843 τινος

301 2877 438 2966 μετέχειν
455 2877 556 2949 adria

366 2992 493 3054 Strato
518 2995 662 3055 Arcesilai
683 2996 704 3053 f.
729 2997 963 3073 Lampsacenus,
988 2995 1039 3072 qui
1065 2996 1183 3056 scholae
1204 2996 1420 3075 peripateticae,

301 3104 536 3182 Theophrastum
559 3107 597 3163 ol.
621 3105 750 3166 CXXIII
773 3115 905 3178 secutus,
928 3109 1026 3166 decem
1049 3127 1142 3167 annos
1164 3116 1298 3185 praeerat
1318 3103 1421 3188 (Diog.

301 3216 356 3274 La.
372 3218 409 3275 V.
427 3218 455 3274 3.
473 3212 502 3294 3)
517 3236 605 3294 quum
620 3218 679 3274 alia
694 3218 812 3295 scripsit
832 3219 940 3290 multa,
961 3227 1023 3276 tum
1042 3219 1079 3276 de
1099 3220 1220 3279 somniis
1235 3213 1321 3298 (ibid.
1338 3216 1364 3292 θ.
1381 3210 1420 3294 4).

302 3319 448 3410 Στράτων
459 3320 538 3404 (τοὺς
553 3323 679 3410 ονείρους
694 3320 831 3413 γίνεσθαί
841 3322 940 3411 φησιν)
959 3323 1063 3412 ἀλόγῳ
1078 3322 1234 3410 ρύσειτῆς
1248 3313 1377 3396 διανοίας
1391 3325 1422 3385 ίν

301 3442 365 3506 τοῖς
378 3430 479 3507 θπνοις
494 3429 746 3521 αἰσθητικωτέρας
764 3432 817 3521 μέν
831 3456 895 3507 πως
909 3431 1077 3522 γινομένης,
1097 3432 1165 3521 παρ’
1180 3433 1256 3495 auro*
1277 3422 1311 3495 δὲ
1329 3440 1421 3494 τοῦτο

301 3551 346 3624 τῷ
361 3552 518 3632 γνωστικῷ
533 3544 712 3632 κινουμένης.
741 3550 820 3608 Ρίοί.
836 3549 872 3606 dc
886 3550 962 3624 plac.
977 3548 1051 3625 phil.
1067 3549 1103 3608 V.
1120 3549 1138 3607 2
1154 3568 1183 3625 p.
1200 3549 1262 3608 904
1276 3548 1297 3605 f.

366 3658 578 3719 Demetrius
603 3660 779 3731 Phalereus,
806 3660 1004 3736 Theophrasti
1028 3659 1203 3735 discipulus,
1234 3659 1361 3735 quinque
1385 3658 1422 3715 de

302 3769 424 3828 somniis
446 3770 536 3828 libros
559 3771 657 3829 edidit.
691 3770 866 3829 Artemidor.
891 3772 919 3829 2.
941 3772 996 3828 44:
1019 3762 1146 3852 Γεμινοῢ
1166 3772 1221 3827 τοῦ
1241 3762 1349 3852 Τυρίου
1372 3764 1423 3826 καὶ

302 3872 476 3962 Δημητρίου
490 3883 545 3937 τοῦ
559 3872 727 3963 Φαληρέως
741 3877 792 3938 καὶ
806 3873 985 3963 Ἀρτέμωνος
998 3884 1058 3937 τοῢ-
1069 3872 1234 3954 Μιλησίου,
1252 3883 1308 3939 τοῦ
1324 3873 1377 3963 μὲν
1391 3878 1423 3937 ἐν

302 3986 378 4073 τρισὶ
399 3986 533 4068 βιβλίοις,
553 3995 608 4048 τοῦ
630 3976 663 4049 δὲ
677 3990 708 4050 ἐν
722 3985 825 4064 πέντε,
845 3994 901 4047 τοῦ
922 3974 1002 4049 δὲέν
1019 3988 1111 4049 εἴκοσι
1123 3974 1190 4065 δύο,
1205 3985 1335 4061 πολλοὺς
1349 3985 1423 4048 ὀνεί-

303 4118 369 4183 ρους
384 4090 654 4184 ἀναγραψαμένων,
675 4098 726 4159 καὶ
741 4094 875 4186 μάλιστα
890 4096 1039 4185 συνταγοὶς
1057 4097 1108 4159 καὶ
1123 4094 1280 4185 θεραπείας
1293 4096 1348 4171 τὰς
1361 4095 1422 4158 ἀπὸ

302 4195 472 4293 Σαράπιδος
493 4195 634 4281 δοθείσας.

366 4314 557 4391 Διονύσιος
576 4314 753 4379 Μουσωνίου
775 4307 889 4393 Ῥόδιος
908 4315 928 4389 ἢ
948 4315 1246 4408 Σάμιος,’ίστορικ6ς.
1265 4308 1303 4387 ἦν
1323 4304 1423 4379 δὲκαὶ

303 4426 395 4513 ἱερεὺς
409 4434 463 4489 τοῦ
479 4429 577 4490 ἐκεῖσε
597 4431 675 4515 ἱεροῦ
693 4436 748 4491 τοῦ
765 4423 867 4492 Ἡλίου
884 4415 1030 4514 (Suidaslz
1051 4434 1132 4492 cuius
1152 4433 1188 4490 de
1208 4432 1264 4490 diis
1284 4431 1352 4490 lihri
1371 4432 1422 4489 tri-

303 4542 386 4617 ginta
400 4549 460 4600 tres
477 4534 575 4620 (Suid.
592 4562 616 4602 s.
633 4564 659 4602 v,
675 4536 811 4626 Νύμφαι)
827 4544 957 4603 Diodoro
971 4544 1135 4602 fabulamm
1150 4550 1320 4620 argumenta
1339 4560 1423 4619 prae-
