3592 5400
830 532 967 576 umnam
1397 511 1457 575 159

381 680 466 746 Ἐπεὶ
479 683 531 745 καὶ
541 678 745 770 ἐπιινσίγισυςι
754 683 872 744 ἑαυτῶν
883 671 1061 758 ἐκδιδόασιν,
1076 683 1116 754 ὡς
1128 669 1257 749 δηλώσει
1269 684 1285 742 ὁ
1297 681 1391 744 ὑπὸιθ
1401 689 1457 744 τοῦ
1483 709 1495 737 e

337 792 523 866 Ἀπόλλωνος
538 782 669 866 ἐκδοθεὶς
683 793 750 879 περὶ
764 795 873 856 ἑαυτοῦ
888 789 1081 880 ἑπάναγκοςλ
1103 789 1229 879 λέγεται
1245 781 1278 854 δὲ
1292 790 1401 866 οὕτως·

542 901 657 990 (livop'
672 901 853 991 σίναγιιαίιις3
867 892 941 965 τόδε
956 902 1100 991 καρτερὰν
1115 891 1161 971 ἠδ’
1173 902 1235 965 ἔτι4
1250 899 1341 990 βριθύ.

336 1016 388 1078 καὶ
403 1014 553 1104 ἐπήγαγε·

542 1123 649 1189 ⁵th
665 1114 690 1187 δ’
702 1122 868 1213 ἐσσυμένως
881 1114 995 1188 τοιοίδε
1011 1123 1128 1213 μύθοις,

543 1238 640 1310 οἵους
655 1235 705 1298 ἀπ’
716 1240 791 1322 ἐμῆς
805 1224 928 1323 κραδίης
942 1237 1060 1325 ἀναγω,

450 1353 521 1412 205.
545 1351 645 1434 ἱεροῖσι
658 1345 777 1421 τύποις

544 1455 773 1546 συνθλιβομένου
788 1458 878 1546 πυρὸς
893 1462 994 1548 σίγνοῦ.

543 1567 664 1657 τολμοζι6
679 1558 712 1631 δὲ
727 1567 827 1656 ρύσις7
841 1578 942 1632 ταῦτα
956 1569 1126 1656 προφαίνειν

543 1687 598 1753 τῆς
613 1679 683 1753 οἰῖς8
698 1676 853 1768 γενέθλης,
869 1678 1003 1768 ἄμβροτε
1019 1678 1126 1743 Παιάν.

336 1793 390 1854 καὶ
403 1788 496 1854 πάλιν
511 1792 528 1852 ὁ
543 1788 727 1853 Ἀπόλλωνθ·

396 2020 406 2054 ¹
426 2014 578 2088 ἔπανθγιιονς
590 2017 648 2083 All,
661 2015 698 2070 ἐπ’
711 2015 825 2088 ιἰνᾶγιιαις
838 2020 892 2070 rell.
912 2017 963 2071 Sed
976 2017 989 2069 ὁ
1002 2017 1139 2088 ἕπέιναγιιος
1151 2035 1310 2089 quamquam
1320 2037 1373 2073 non
1386 2020 1460 2084 alias,

338 2111 428 2158 tamen
445 2111 472 2157 et
485 2105 514 2156 in
526 2105 638 2156 oraculis
652 2106 715 2157 etin
728 2105 890 2157 enarratione
905 2105 1045 2172 aliquoties
1063 2104 1088 2156 h.
1100 2106 1117 2156 l.
1135 2112 1283 2174 usurpatur.
1319 2105 1363 2157 Sic
1375 2104 1460 2158 Philo·

337 2207 424 2260 ponus
444 2190 475 2241 de
494 2189 585 2242 mundi
603 2196 682 2242 creat.
695 2190 719 2244 2.
734 2190 779 2254 20,
798 2190 843 2241 ubi
860 2189 891 2242 de
904 2188 998 2259 Porph.
1015 2191 1081 2242 libro
1096 2191 1251 2247 ‹laoraculis
1264 2190 1391 2260 disputat,
1409 2193 1460 2250 τοῖς

338 2273 487 2344 ἐπανᾶγκσις
501 2275 597 2325 κατίασι
610 2275 756 2345 βιαζόμενοι.
780 2275 873 2344 Papyr.
887 2276 999 2345 Aegypt.
1018 2292 1059 2345 ap.
1072 2276 1216 2345 l‘oyroncnr
1235 2292 1294 2345 pap.
1309 2276 1324 2327 2
1337 2293 1361 2344 p.
1375 2275 1415 2327 θ’).
1428 2275 1461 2327 27

340 2358 415 2430 μηθὲν
431 2352 510 2424 ἧσσον
527 2357 665 2429 ἐπᾶναγαον
683 2355 782 2411 ποιείτω
795 2356 858 2411 κατὰ
870 2357 901 2411 τὰ
913 2361 1122 2431 προγεγραμμένα
1139 2367 1165 2413 et
1182 2378 1223 2431 ap.
1235 2362 1339 2426 l'oung.
1352 2365 1463 2413 account

338 2463 364 2515 p.
376 2445 438 2498 146:
461 2443 503 2496 ἐὰν
525 2444 551 2496 δὲ
574 2444 607 2515 μὴ
632 2442 767 2510 &socrdem
785 2447 833 2514 (li,
856 2444 991 2511 ἀποστήσω
1013 2444 1159 2516 ἐπάναγασν.
1194 2447 1301 2499 Frustra
1320 2446 1402 2498 Gaisi.
1421 2442 1462 2498 hio

339 2538 366 2583 et
382 2531 453 2583 infra
471 2531 538 2584 coni.
556 2528 697 2600 ἐπάναγκες.
853 2533 882 2571 1u
901 2531 944 2582 Sic
963 2532 1056 2599 scripsi
1072 2549 1119 2601 pro
1138 2529 1194 2582 ἀπ’σ.

409 2616 420 2648 ²
438 2617 536 2668 lterum
554 2615 626 2668 codd.
645 2613 682 2665 ἐπ’
695 2613 818 2683 σίνθιγιιαις.
855 2615 922 2668 Tum
940 2615 1006 2684 λέγει
1023 2617 1054 2670 l).

410 2702 422 2736 ²
440 2699 474 2762 ὡς
492 2707 552 2754 ante
571 2699 664 2770 οὔνομα
681 2702 799 2754 inserunt
817 2700 870 2754 CG.
888 2731 922 2740 -
940 2699 1078 2771 ἀναγκαίοις
1096 2702 1126 2755 B.

410 2786 484 2852 *ἠδὲ
501 2786 617 2852 Atel
632 2805 654 2837 τι
672 2787 728 2850 ΒΟ,
748 2786 807 2837 οὐδέ
822 2804 844 2837 τι
861 2788 892 2840 D.

411 2872 422 2905 ⁵
439 2872 496 2926 Hae
513 2890 603 2942 preces
621 2878 682 2925 sunt
699 2888 808 2924 arcanae
827 2872 860 2924 ad
871 2872 1019 2942 Apollinem
1037 2871 1199 2927 evocandum
1211 2878 1300 2943 aptae,
1320 2889 1384 2943 quas
1399 2874 1462 2927 dous

340 2960 398 3029 ipse
415 2959 618 3028 praescripserit.
654 2958 693 3010 lta
714 2974 841 3027 paeanem
862 2959 920 3028 ipse
941 2958 1082 3011 tradiderat
1104 2976 1130 3029 p.
1147 2959 1194 3011 125
1206 2976 1246 3029 sq.
1264 2961 1356 3013 eodem
1379 2968 1462 3014 metro

340 3044 533 3115 procedentem.
569 3044 655 3096 Etiam
678 3043 726 3096 hoc
749 3045 806 3096 loco
829 3046 966 3114 anapaesti
989 3045 1135 3114 legitimam
1156 3046 1282 3114 praebent
1298 3046 1461 3101 incisionem.

341 3131 436 3183 Iliatus
459 3130 541 3181 semel
563 3129 708 3181 admittitur
730 3136 791 3198 post
812 3126 909 3199 ἀνάγω,
933 3147 1013 3199 quaro
1035 3132 1071 3182 ibi
1093 3147 1199 3184 versum
1216 3132 1362 3185 terminavi.
1397 3133 1463 3184 Mire

341 3216 423 3285 vulgo
441 3213 528 3266 verbis
546 3215 587 3274 οὓς
599 3245 633 3254 -
646 3214 742 3267 τύποισι
764 3217 910 3268 coniunctis
927 3217 994 3267 inter
1011 3216 1111 3268 medios
1133 3221 1289 3284 anapaestos
1311 3216 1464 3268 hexameter

343 3302 435 3354 editur.
471 3300 527 3368 Ego
541 3299 604 3360 οἵους
617 3316 663 3370 pro
677 3300 729 3364 οθς,
748 3302 831 3361 τύποις
843 3318 891 3370 pro
904 3301 1001 3351 τύποισι
1012 3301 1112 3369 scripsi.
1147 3300 1178 3352 V.
1193 3300 1205 3351 l
1219 3301 1242 3351 ll
1257 3300 1340 3368 μόλοι,
1360 3298 1463 3351 Circu-

344 3386 418 3455 μίως,
437 3383 502 3437 Bel
505 3384 528 3437 G
546 3384 591 3435 οὐκ
609 3384 650 3435 ἀπ’
663 3383 730 3453 ἐμεῖο
748 3386 847 3456 aperitio
865 3385 986 3453 idemque
1005 3385 1102 3436 omisso
1121 3383 1166 3434 οὖσι
1180 3384 1216 3447 D,
1233 3382 1316 3453 ἱερεῖσι
1333 3384 1363 3436 Β.
1399 3384 1463 3436 Inci-

343 3487 403 3524 sum
421 3471 516 3523 sustuli
532 3476 593 3540 post
610 3472 706 3539 τύποις,
730 3471 814 3523 adieci
834 3475 894 3540 post
911 3468 1003 3538 ἀνάγον.
1040 3470 1131 3527 Τύποις
1155 3468 1208 3521 dat.
1226 3469 1394 3520 instrumenti
1415 3475 1463 3524 est.

342 3556 467 3609 Admittit
488 3556 594 3625 quidem
619 3554 702 3624 μολεῖν
726 3556 854 3620 dativum,
882 3556 928 3607 sed
949 3570 1088 3623 personae,
1116 3569 1169 3606 non
1186 3554 1237 3616 rei,
1265 3569 1313 3605 nec
1337 3554 1368 3605 de
1392 3555 1464 3607 omni

343 3659 465 3705 accessu,·
486 3641 532 3693 sed
554 3641 585 3693 de
607 3642 712 3693 incessu
734 3641 837 3694 infesto.
875 3640 1010 3693 Sententia
1031 3639 1095 3692 haec
1117 3644 1168 3691 est:
1191 3638 1257 3691 Veni
1278 3638 1367 3707 rapide
1386 3638 1463 3691 hasce

342 3744 389 3797 per
406 3742 486 3779 voces
504 3727 559 3778 sive
576 3726 703 3779 formulas
723 3732 749 3778 et
766 3727 895 3790 carmina,
915 3725 1002 3795 qualia
1020 3741 1054 3775 ex
1071 3724 1164 3775 intimo
1182 3729 1286 3793 pectore
1299 3725 1389 3777 emitto
1408 3725 1463 3794 (ne-

343 3830 394 3882 que
413 3812 485 3864 enim
503 3818 644 3864 evocantur
662 3812 698 3863 dii
715 3812 766 3863 nisi
783 3811 908 3880 flagranti
925 3809 1075 3876 desiderio),
1093 3808 1221 3861 flammea
1238 3816 1284 3861 tua
1301 3815 1395 3862 natura
1412 3810 1464 3863 for·

342 3898 423 3950 mulis
448 3898 529 3949 sacris
551 3914 701 3967 compressa
718 3915 738 3951 s.
757 3899 784 3949 in
802 3913 895 3966 corpus
920 3897 1016 3948 arctius
1039 3895 1140 3950 adacta.
1177 3896 1254 3964 (Ecce
1271 3895 1463 3966 Pythagoreus:

342 3982 404 4035 huic
422 3983 493 4035 enim
511 3987 595 4035 sectae
608 3984 686 4052 ignea
698 3983 833 4034 videbatur
845 3981 953 4034 deorum
964 3982 1080 4049 natura.)
1111 3982 1188 4033 Vates
1201 3987 1301 4046 auteur,
1320 3988 1366 4035 tua
1377 3985 1464 4052 stirps,

344 4067 425 4137 (haud
442 4069 521 4137 pauci
543 4070 614 4121 enim
631 4073 703 4120 vates
721 4067 848 4137 Apollinis
868 4083 896 4118 se
913 4067 982 4118 filios
1000 4083 1057 4119 esse
1080 4066 1238 4136 iactabant‚)
1261 4066 1308 4119 has
1331 4085 1464 4121 consecra-

342 4155 429 4206 tiones
447 4153 625 4223 formulasque
642 4153 765 4222 proferre
775 4153 859 4205 audet.
896 4149 998 4221 Τολμᾶν
1014 4152 1076 4205 dicit
1088 4158 1113 4205 et
1124 4159 1198 4205 vates
1211 4153 1251 4205 dei
1263 4153 1332 4205 filios
1345 4154 1464 4221 appellat,
1518 4143 1520 4152 '

343 4245 373 4292 ut
390 4240 513 4308 ignoscat
531 4239 593 4291 dens
611 4238 711 4291 homini
729 4244 755 4291 et
772 4254 855 4307 aeque
872 4238 940 4290 ferat
957 4239 1011 4291 vim
1028 4239 1136 4292 illatam.

412 4323 550 4393 6τολμᾶσι
566 4322 595 4376 ll.

414 4409 424 4442 ⁷
445 4410 514 4478 φύσις
532 4410 588 4475 BG,
606 4411 660 4463 rell.
680 4410 745 4479 ρησλ.

415 4495 425 4528 ⁸
444 4498 496 4545 σεῖο
514 4496 589 4548 ΑΗΕ.
611 4495 652 4549 An
670 4492 835 4548 scribendum
852 4499 894 4548 σεῦ
912 4497 972 4563 rte?

414 4580 425 4613 ⁹
444 4576 458 4631 ὁ
476 4576 609 4632 Ἀπόλλων
627 4598 679 4635 om.
691 4580 751 4645 ΑΗ,
769 4582 814 4650 qui
832 4581 926 4650 φοιβίης
944 4588 971 4634 ct
987 4582 1046 4650 (pro
1065 4578 1151 4650 αἴγλης
1169 4578 1249 4650 accip)
1268 4576 1295 4631 ἐκ
1313 4580 1443 4646 δυσπνόης.
