3592 5400
738 917 1141 992 scammum
1163 919 1234 992 111.

631 1126 688 1186 DE
712 1123 965 1186 STATUARUM
985 1125 1343 1188 CONSECRATIONE.

490 1484 619 1544 Deorum
641 1483 797 1544 simulacra
810 1505 829 1543 a
842 1486 988 1547 veteribus
1003 1487 1204 1545 tractabantur
1222 1487 1306 1562 quasi
1322 1506 1380 1545 non
1396 1489 1482 1566 signa
1497 1508 1545 1546 nu·

427 1596 552 1666 minum,
569 1595 619 1654 sed
635 1596 700 1673 ipsa
714 1597 833 1654 numina
847 1604 946 1656 essent
961 1615 995 1655 ac
1008 1597 1147 1656 viverent.
1177 1595 1275 1670 Quare
1289 1597 1479 1670 lavabantur,
1495 1620 1545 1657 un-

427 1709 601 1783 guebantur,
618 1707 819 1784 comebantur,
834 1716 866 1765 ut
881 1706 918 1766 O.
934 1708 1067 1766 Muelleri
1084 1701 1242 1788 (archaecl
1254 1705 1279 1782 ξ
1291 1700 1342 1787 69)
1358 1708 1457 1769 verbis
1473 1718 1544 1780 utar,

428 1817 521 1894 epulis
548 1817 777 1889 delectabantur,
803 1818 1005 1878 vinciebantur
1030 1819 1130 1889 etiam,
1159 1838 1196 1876 ne
1221 1819 1343 1877 abirent.
1383 1817 1545 1878 Simulacra

427 1926 638 1999 lacrimavisse,
661 1928 827 2000 sudavisse,
850 1931 947 1988 locuta
969 1948 1034 1988 esse
1056 1929 1212 2006 scriptores
1235 1929 1341 1989 Graeci
1368 1937 1397 1987 et
1420 1930 1543 1988 Romani

426 2039 536 2115 passim
551 2041 676 2098 tradunt.
702 2037 760 2098 Sed
772 2059 859 2114 quum
870 2041 964 2117 primo
977 2040 1179 2111 credidissent,
1194 2059 1252 2098 non
1264 2040 1412 2098 hominum
1425 2042 1543 2111 artibus,

372 2219 375 2226 Ι
426 2150 478 2207 sed
493 2150 609 2209 deorum
630 2150 725 2227 gratia
738 2150 871 2208 vitamet
891 2126 1071 2209 divinitatem
1086 2151 1248 2210 simulacris
1265 2149 1424 2226 inspirari,
1445 2136 1544 2228 pbstea

426 2279 461 2316 ea
481 2268 593 2318 tantum
613 2261 731 2317 numine
751 2261 873 2337 impleta
893 2278 959 2319 esse
979 2265 1151 2332 censebant,
1174 2281 1248 2338 quae
1263 2231 1355 2320 sacris
1371 2263 1544 2337 quibusdam

426 2370 530 2428 ritibus
553 2371 589 2430 ab
612 2370 777 2429 hominibus
800 2389 924 2428 arcanae
946 2372 1094 2430 doctrinae
1115 2372 1218 2450 peritis
1241 2379 1340 2430 essent
1366 2380 1541 2432 consecrata.

426 2471 596 2564 Ἡραίσκος,
616 2481 659 2539 ait
679 2479 760 2540 Suid.
782 2499 805 2540 s.
828 2482 882 2540 hoc
902 2482 1032 2553 nomine,
1054 2477 1206 2565 αὐτοφυὴς
1224 2475 1344 2565 ἐγένετο
1366 2467 1543 2568 διαγνώμων

424 2595 486 2648 τῶν
499 2609 535 2649 τε
555 2577 676 2661 ζώντων
691 2587 742 2649 καὶ
759 2595 820 2649 τῶν
836 2586 877 2674 μά
893 2577 1013 2662 ζώντων
1034 2591 1118 2675 ἱερῶν
1133 2586 1328 2676 ἀγαλμάτων.
1354 2595 1500 2652 Proculus
1513 2594 1542 2650 in

424 2703 501 2762 Tim.
519 2704 536 2762 2
552 2724 580 2781 p.
600 2706 637 2763 83
654 2704 674 2764 f.
690 2725 716 2763 v.
739 2699 836 2785 ὥσπερ
855 2706 917 2761 τῶν
937 2696 994 2761 ὑπὸ
1010 2708 1064 2773 τῆς
1078 2700 1255 2773 τελεστικῆς
1269 2687 1433 2788 ἱδρυμένων
1449 2703 1541 2789 ἀχαλ-

425 2807 529 2895 μάτων
544 2808 584 2871 τά
600 2808 652 2891 μέν
667 2813 746 2872 ἐστιν
761 2812 892 2899 ἐμφανῆ,
913 2808 954 2872 τά
970 2798 1003 2872 δὲ
1018 2798 1101 2872 ἔνδον
1116 2808 1341 2898 ἀποκέκρυπται
1362 2812 1541 2898 συμβολικῆς

423 2927 484 2980 τῶν
501 2916 576 2980 θεῶν
590 2921 763 3005 παρουσίας,
780 2924 800 2981 ἀ
815 2921 866 2982 καὶ
881 2920 980 3008 μόνοις
993 2921 1057 2983 ἐστὶ
1071 2919 1205 3009 γνώριμα
1218 2930 1282 2993 τοῖς
1295 2924 1463 2996 τελεσταῒς.

488 3031 576 3091 Omni
592 3034 708 3109 quidem
724 3041 819 3091 aetate
835 3043 937 3093 sancta
951 3055 998 3095 res
1014 3047 1077 3095 erat
1090 3020 1213 3118 ἵδρυσις,
1230 3055 1346 3113 semper
1357 3055 1444 3095 sacra
1459 3055 1539 3113 quae·

424 3145 489 3202 dam
510 3144 631 3215 debant,
655 3144 767 3221 quoties
788 3135 949 3204 simulacra
974 3148 1168 3226 erigebantur.
1200 3146 1244 3206 cf.
1267 3144 1300 3206 O.
1322 3146 1357 3205 F.
1378 3146 1537 3207 Hermanni

423 3257 533 3333 antiqq.
557 3258 651 3315 cultus
675 3255 781 3315 Graeci
803 3254 828 3331 ξ.
849 3259 886 3317 18
910 3266 968 3316 not.
993 3259 1041 3317 19.
1080 3256 1147 3317 Sch.
1170 3258 1320 3334 Aristoph.
1343 3258 1424 3317 Plut.
1447 3260 1535 3318 1198:

423 3361 515 3425 ὁπότε
535 3360 673 3450 μέλλοιεν
693 3362 811 3450 βωμοὺς
831 3352 981 3451 ἀριδρύειν
1001 3360 1019 3433 ἢ
1041 3361 1166 3453 ἄγαλμα
1188 3360 1270 3442 θεοῦ,
1292 3357 1417 3449 ἕψοντες
1437 3364 1535 3451 ὄσπρια

422 3472 590 3561 ἀπήρχοντο
616 3472 731 3536 τούτων
756 3482 818 3547 τοῖς
844 3462 1065 3561 άριδρυρένοις,
1092 3472 1299 3561 εὐχαριστάρια
1324 3472 1464 3561 νέμοντες
1487 3482 1535 3544 τίς

421 3582 539 3672 πρώτας
553 3574 678 3657 διαίτης·
694 3580 768 3666 (ἔθος
783 3579 862 3670 εἶχον
874 3582 1034 3672 προσάγειν
1045 3581 1153 3670 χύτρας
1168 3581 1280 3667 ἀθάρας
1295 3584 1347 3645 καὶ
1358 3575 1534 3673 σεμιδάλεως

422 3693 547 3780 μεστάς,
568 3691 587 3764 ἢ
608 3692 745 3757 πελάνων
766 3694 816 3755 καὶ
837 3694 962 3783 ὀσπρίων
977 3693 1201 3781 ἀληλεσμένων,
1222 3701 1282 3757 sch.
1299 3700 1335 3757 ad
1354 3693 1454 3780 1197.)
1474 3691 1532 3756 ὅθεν

422 3805 473 3865 καὶ
488 3807 518 3866 ἐν
536 3815 602 3878 ταῖς
617 3803 755 3868 Δαναίσι·

575 3892 761 4003 μαρτύρομαι
777 3904 810 3979 δὲ
825 3911 919 3990 Ζηνὸς
936 3910 1067 4003 Ἑρκείου
1083 3913 1205 4003 χύτρας,

573 4021 641 4111 παρ’
656 4019 702 4099 αἷς
719 4023 767 4107 (al.
786 4022 849 4113 μεθ’
865 4020 917 4110 ὧν)
935 4029 950 4087 ὁ
967 4026 1067 4114 βωμὸς
1082 4019 1168 4099 οὗτος
1183 4014 1285 4112 ἱδρύθη
1301 4026 1386 4090 ποτέ.

422 4138 488 4200 Sch.
511 4138 601 4198 Arist.
622 4159 686 4216 pac.
706 4142 782 4199 9232
806 4133 871 4210 ἔθος
892 4132 970 4223 εἶχον
988 4129 1099 4224 Ἑρμαῖς
1119 4125 1266 4223 ἱδρύοντες
1285 4136 1342 4224 πρὸ
1362 4146 1425 4199 τῶν
1445 4135 1531 4225 θυρῶν

421 4248 471 4308 καὶ
491 4243 572 4309 ἀλλα
592 4244 659 4308 τινά
679 4244 846 4333 ἀγάλματα
867 4243 942 4307 θεῶν
950 4246 970 4323 ¹,
992 4245 1064 4333 ὑπὲρ
1084 4254 1140 4309 τοῦ
1156 4245 1198 4334 μὴ
1215 4235 1369 4331 βραδύνειν
1389 4248 1470 4336 παρά
1483 4246 1531 4315 τάν

421 4356 591 4435 ἀνάστασιν,
606 4354 726 4444 χύτραις
738 4352 850 4443 ἀθάρας
865 4344 1014 4442 ἱδρύεσθαι
1026 4357 1076 4418 καὶ
1087 4354 1189 4429 ἀλλοις
1200 4356 1281 4418 τισίν.
1304 4364 1395 4421 Arist.
1408 4365 1530 4440 p.1091:

489 4568 497 4599 ¹
518 4566 560 4619 Sic
572 4586 618 4636 pro
632 4567 687 4620 θεοῦ
699 4564 795 4621 Bernh.
809 4566 842 4620 ad
854 4566 926 4621 Suid.
941 4584 961 4619 s.
976 4584 998 4621 v.
1012 4567 1113 4638 χύτραις
1124 4564 1241 4637 ίδρυτέον.
