3592 5400
788 633 807 692 ό

334 839 458 905 λιππον
486 844 683 925 γράμμασιν,
714 839 757 914 ιός
776 839 992 925 Ἀθηναίους
1010 841 1045 908 έν
1068 847 1110 927 τῇ
1132 841 1306 929 ἀκροπόλει

334 979 518 1066 ἀνδριάντα
553 977 641 1063 αὐτῷ
676 977 869 1044 ἀναθεῖναι.
907 981 987 1045 Ἵνα
1022 979 1056 1045 δέ
1093 984 1147 1046 καί
1180 988 1307 1060 πάντας

333 1119 533 1205 ἀνθρώπους
564 1117 765 1205 είιεργετήση,
799 1123 915 1204 γράφει
945 1123 989 1202 τῷ
1013 1119 1231 1207 Ἀλεξάνδρῳ
1253 1125 1308 1210 βι-

334 1257 429 1346 βλίον
460 1259 532 1344 περί
565 1255 746 1344 βασιλείας,
779 1256 943 1323 διδάσκων
970 1260 1056 1335 ὅπως
1080 1259 1306 1346 βασιλεντέον,

321 1397 411 1481 ’ὅπερ
436 1397 536 1472 οὕτως
560 1395 696 1480 ἔδρασεν
721 1399 765 1471 είς
790 1401 849 1479 τὴν
873 1395 1104 1484 Ἀλεξάνδρου
1122 1404 1246 1486 ψυχὴν,
1264 1403 1308 1477 ὥς

334 1535 456 1616 λέγειν,
489 1537 541 1601 ὅτε
571 1540 613 1618 μὴ
638 1534 784 1620 ὠφέλησέ
809 1560 897 1601 τινα·
926 1543 1088 1622 ίίσήμερον
1113 1536 1170 1602 οὐκ
1195 1540 1307 1626 ἐβασί-

334 1676 446 1755 λευσα,
479 1674 599 1741 οὐδένα
624 1677 685 1760 γάρ
709 1666 746 1740 τό
766 1673 945 1760 έποίησα·,,
971 1677 1049 1762 ὅπερ
1072 1676 1144 1742 ἰ’σον
1169 1675 1236 1743 ἔστί
1262 1685 1306 1763 τῷ

333 1817 511 1901 ἐπιχωρίως
535 1813 699 1898 λεγομένῳ
723 1811 777 1878 ἐπί
802 1817 868 1880 τῶν
894 1817 945 1878 ἐπ’
969 1813 1083 1894 ὀλίγον
1104 1816 1308 1903 οίρρωστοιίν-

333 1980 412 2036 των,
437 1957 526 2020 τοῦτ’
552 1953 641 2019 έστιν
663 1955 820 2039 ἐφήμερον
841 1956 950 2033 νόσον,
977 1959 1092 2041 “παρο“ι
1108 1957 1230 2038 μίαν·,,
1253 1956 1307 2022 διὰ

336 2095 432 2178 ΓγοίρΙ
458 2095 494 2156 τό
517 2097 559 2177 μὴ
584 2099 717 2174 ποιῆσαι
742 2095 802 2174 τὴν
825 2090 948 2178 ἡμέραν
970 2091 1100 2179 ἐκείνην
1120 2099 1177 2171 τάς
1196 2096 1308 2172 ὑγιαι-

334 2237 460 2299 νόντων
493 2231 685 2317 εὐεργεσίας.
712 2231 925 2314 Ἀκμάσαντι
951 2230 986 2296 δέ
1011 2230 1228 2317 Ἀλεξάνδρῳ
1252 2239 1307 2300 καί

333 2375 624 2458 ἐπιστρατευσαντι
646 2375 730 2435 κατὰ
748 2374 887 2456 Περσῶν
907 2369 1121 2453 συνεξῆλθεν,
1141 2370 1215 2436 οὐδέ
1236 2377 1307 2440 τότε

334 2515 421 2604 ρτοῦΙ
445 2511 634 2597 φιλοσοφεῖν
659 2511 892 2597 ἀποσχόμενος·
919 2515 979 2594 τὴν
996 2513 1057 2597 γὰρ
1077 2513 1223 2597 ἱστορίαν
1241 2518 1307 2580 τῶν

333 2651 509 2720 πολιτειῶν
538 2655 610 2717 τότε
641 2649 805 2732 συνέλεξε,
841 2653 895 2716 καί
924 2648 1079 2735 μέλλοντι
1109 2651 1307 2739 συμβάλλειν

333 2800 379 2879 τῷ
407 2797 559 2879 Περσικῷ
587 2790 718 2875 πολέμῳ
747 2790 809 2875 έφη
837 2793 877 2855 τοί
905 2791 998 2857 α’ίσια
1028 2791 1199 2870 γενέσθαι·
1231 2795 1250 2858 ό
1272 2793 1307 2859 δέ

332 2938 375 3018 μὴ
411 2919 558 3008 πεισθείς
594 2929 767 3018 συνέβαλε,
804 2933 859 2995 καί
896 2929 1113 3015 ἐτελεύτησεν.
1153 2935 1218 2996 Καὶ
1249 2932 1307 3020 οὐχ

333 3063 433 3155 ἦττον
458 3072 492 3138 δὲ
517 3076 583 3138 τῶν
608 3078 811 3155 φθασάντων
836 3068 1013 3157 βασιλέων,
1034 3071 1222 3154 Ἀμείντου,
1244 3076 1308 3136 Φι-

334 3213 472 3292 λίππου,
506 3209 741 3294 Ὀλυμπιάδος,
771 3208 1014 3294 Ἀλεξάνδρου,
1040 3210 1269 3296 Ἀντίπατρος
1292 3215 1310 3277 ό

334 3351 566 3435 διαδεξάμενος
590 3354 649 3435 τὴν
674 3349 906 3434 Ἀλεξάνδρου
929 3347 1114 3435 βασιλείαν,
1141 3347 1196 3413 διά
1216 3358 1308 3434 τιμῆς

335 3484 399 3577 εἶχε
431 3494 488 3555 τόν
520 3487 774 3575 Ἀριστοτέλην.
801 3491 868 3552 Τοῦ
893 3486 928 3552 δέ
954 3489 1174 3555 Σπευσίππου
1197 3488 1309 3555 τελευ-

334 3633 506 3711 τήσαντος,
543 3630 575 3694 οί
607 3628 672 3693 οίπό
708 3634 764 3711 τῆς
800 3626 917 3713 σχολῆς
950 3625 1220 3711 μεταπέμπονται
1250 3632 1308 3696 τόν

334 3767 590 3856 Ἀριστοτέλην,
624 3770 678 3833 καί
710 3766 922 3854 διαδέχονται
947 3766 1050 3849 αὐτὴν
1075 3766 1172 3844 αὐτός
1195 3795 1229 3834 τε
1254 3772 1310 3833 καὶ

334 3908 542 3995 Ξενοκράτης
566 3908 829 3993 σωφρονέστατα·
855 3911 911 3972 καί
935 3906 1173 3994 Ἀριστοτέλης
1192 3910 1252 3992 μέν
1273 3910 1308 3975 ἐν

334 4049 478 4131 Λυκείῳ,
511 4046 719 4134 Ξενοκράτης
751 4047 785 4112 δέ
817 4049 852 4112 έν
884 4045 1110 4132 Ἀκαδημείᾳ,
1142 4046 1229 4113 ἔνθα
1253 4051 1308 4112 καὶ

335 4185 478 4253 Πλάτων
501 4186 685 4252 ἐπαίδευεν.
709 4186 754 4251 Οὐ
776 4190 836 4273 γὰρ
858 4185 1307 4273 ώςἈριστόξενοςῦστερον,

334 4323 516 4401 Πλάτωνος
547 4325 669 4402 ζῶντος
703 4329 757 4391 καί
783 4327 817 4391 έν
843 4324 1057 4410 Ἀκαδημείᾳ
1080 4324 1307 4407 παιδειίοντος,

335 4462 602 4548 ἀντῳκοδόμησεν
635 4468 653 4527 ό
683 4462 922 4550 Ἀριστοτέλης
958 4467 993 4527 τό
1024 4466 1178 4529 Λιίκειον.
1204 4463 1309 4547 Ε”ι’περ
