3592 5400
770 520 812 563 nn
827 520 1034 565 nseuournrs.
1400 506 1463 570 915

343 675 454 735 Horum
467 675 506 734 de
519 693 639 733 numero
654 675 822 744 Phaethon,
843 692 929 750 quem
944 674 1023 733 fastu
1037 674 1148 735 nesorio
1163 676 1348 737 interemtum
1363 679 1462 740 Venus

749 770 866 854 ζαθέοις
880 781 923 844 ἑνὶ
939 791 1018 854 νηοῖς

439 889 590 961 νηοπόλον
605 889 703 978 νθχιον
717 890 879 971 ποιιζσατο,
897 880 1025 979 δαίμονα
1040 881 1113 955 δῖον.
1138 897 1260 958 Hesiod.
1277 900 1372 977 theog.
1389 900 1461 960 990.

340 1009 487 1085 thrtum
501 1007 558 1065 fuit
573 989 689 1088 ἀνδρῶν
703 1000 809 1087 ν’,ρώων
824 999 903 1065 θεῖον
918 1000 1016 1091 γένος,
1033 1008 1062 1065 οἳ
1076 1001 1236 1065 καλέονται

569 1108 688 1198 τ’,μίθεοι
702 1109 831 1199 προτέρῃ
846 1122 937 1201 γενεῇ
952 1111 1019 1175 κατ’
1034 1113 1176 1200 ἀπείρονα
1190 1124 1287 1203 γαῖαν.
1303 1117 1382 1196 Opp.
1392 1121 1460 1180 159.

337 1231 376 1289 lii
408 1229 528 1287 fuerunt
556 1228 661 1287 Mones
688 1229 822 1302 heroum,
852 1245 925 1303 quos
951 1227 1096 1287 Homerus
1121 1230 1240 1298 cecinit,
1272 1231 1406 1288 collocuti
1431 1231 1461 1288 in

337 1340 444 1400 insulis
458 1338 630 1396 fortunatis:
644 1338 699 1395 illu
713 1338 833 1396 numina
847 1338 998 1408 salutaris,
1015 1338 1090 1396 infra
1104 1340 1252 1397 aetherem
1267 1342 1297 1398 iu
1312 1359 1380 1399 aere
1391 1341 1462 1400 voli·

338 1451 448 1519 tantia,
464 1468 483 1506 n
498 1450 552 1507 deo
567 1468 680 1506 summo
695 1449 781 1506 rebus
798 1449 932 1506 humanis
947 1448 1104 1523 praefecta.

400 1560 650 1636 Philosophorum
669 1560 805 1618 Thales
824 1559 935 1635 primus
955 1559 1111 1619 daemones
1131 1562 1291 1637 heroesque
1310 1581 1329 1620 a
1347 1562 1403 1621 diis
1419 1563 1461 1619 di-

338 1672 480 1730 stinxisse
499 1663 615 1727 fertur.⁴
641 1646 843 1746 Athenagoras
863 1669 951 1746 legat.
973 1690 1026 1745 pro
1048 1668 1157 1729 Christ.
1181 1690 1243 1748 cap.
1266 1674 1321 1730 21:
1345 1676 1462 1755 πρῶτος

338 1775 447 1847 Θαλῆς
462 1767 569 1862 διαιρεῖ
586 1779 626 1848 εἰς
642 1771 725 1852 θεὸν,
745 1779 785 1847 εἰς
800 1763 958 1860 δαίμονας,
980 1779 1020 1847 εἰς
1034 1774 1139 1860 ἥρωας
1161 1775 1242 1838 ἀλλα
1257 1773 1325 1838 θεὸν
1341 1775 1395 1864 μέν
1409 1777 1462 1839 τὸν

338 1896 406 1951 νοῦν
424 1895 482 1949 τοῦ
502 1883 616 1972 κόσμον
637 1883 764 1973 εἰσάγει,
792 1873 936 1971 δαίμονας
956 1871 991 1946 δὲ
1010 1885 1110 1957 οὐσίας
1130 1879 1270 1973 ψυχικάς,
1294 1886 1345 1948 καὶ
1364 1887 1462 1974 ἥρωας

337 1997 392 2071 ταὶς
406 1994 626 2084 κεχωρισμένας
641 1989 736 2082 ψυχας
748 2004 810 2057 τῶν
825 1991 997 2080 ἀνθρώπων.
1031 1999 1096 2057 Has
1115 2020 1204 2077 quum
1224 2002 1326 2059 heroes
1341 2003 1460 2071 diceret,

336 2115 385 2173 vix
404 2113 500 2171 mulos
520 2112 675 2170 doemones
695 2111 827 2186 accipere
845 2110 955 2185 potuit,
977 2111 1109 2184 quumvis
1129 2111 1268 2168 affirmari
1290 2113 1345 2168 hoc
1359 2131 1378 2169 a
1390 2112 1460 2170 Plu-

336 2226 438 2283 tancho
453 2223 586 2282 videatur
600 2222 636 2279 de
655 2223 730 2298 plac.
748 2221 854 2297 philos.
874 2224 901 2291 l,
919 2222 936 2278 8
952 2240 981 2296 p.
999 2222 1059 2279 889
1073 2223 1106 2279 b:
1127 2214 1248 2296 Θαλῆς,
1270 2213 1459 2304 Πυθαγόρας,

336 2327 492 2409 Πλάτων,
514 2332 542 2390 οἱ
561 2325 693 2389 Στωικοὶ
714 2315 859 2413 δαίμονας
879 2324 1019 2413 ὑπάρχειν
1042 2326 1143 2400 οὐσίας
1168 2320 1307 2414 ψυχικάς·
1333 2322 1406 2388 εἶναι
1427 2314 1461 2387 δέ

336 2441 389 2502 καὶ
404 2439 505 2527 ἥρωας
517 2437 572 2512 τὰς
587 2435 804 2524 κεχωρισμένας
819 2430 914 2522 ψυχας
928 2445 991 2498 τῶν
1006 2434 1168 2523 σωμάτων·
1195 2436 1246 2498 καὶ
1261 2433 1392 2524 ἀγαθοὺς
1407 2434 1461 2524 μέν

336 2550 393 2624 τοὶς
407 2546 540 2638 ἀγαθάς,
556 2548 668 2621 κακοὺς
684 2537 718 2609 δὲ
731 2547 786 2619 ταὶς
801 2545 925 2632 φαύλας.
959 2553 999 2608 At
1020 2569 1109 2626 quum
1127 2552 1226 2627 priore
1245 2550 1355 2627 placitu
1373 2551 1460 2609 etiarn

337 2666 474 2728 Thaletis
488 2665 629 2735 fuissent,
644 2665 721 2722 bunc
734 2662 887 2723 nominare
901 2661 1010 2739 potuit,
1026 2661 1141 2720 etiamsi
1155 2669 1334 2738 postremum
1345 2662 1382 2720 nd
1393 2661 1461 2719 reli·
1564 2697 1567 2705 -

337 2798 412 2855 quos
427 2777 512 2836 modo
526 2776 700 2852 pertinebat.
730 2774 778 2832 De
788 2775 957 2850 Pythagora
972 2791 1039 2829 vero
1049 2772 1232 2848 Porphyrius
1247 2773 1394 2830 consentit
1409 2772 1459 2830 vit.

337 2891 426 2966 Pyth.
444 2907 507 2963 cap.
525 2888 581 2956 38,
601 2887 651 2961 qui
666 2888 757 2944 bonos
777 2886 933 2943 daemones
953 2891 982 2941 et
996 2883 1089 2942 melos
1105 2886 1142 2942 ab
1158 2902 1192 2941 eo
1207 2902 1273 2942 esse
1288 2883 1459 2952 disiunctos

338 3001 431 3059 malos
447 2999 509 3056 cius
520 2997 651 3073 potentia
662 2995 778 3054 sublimi
791 2996 877 3052 etiam
890 2993 1031 3052 coercitos
1043 3012 1109 3053 esse
1121 2994 1219 3052 trudit.
1245 2994 1332 3071 Vulgi
1345 2993 1461 3068 quidem

338 3114 375 3173 de
394 3109 585 3169 daemonibus
606 3107 757 3185 opiniones
775 3107 960 3183 Pythagoras
980 3125 1039 3162 non
1059 3106 1153 3183 magis
1173 3125 1260 3181 quem
1274 3105 1361 3163 Plato
1382 3124 1461 3162 ever-

340 3232 400 3281 tere
420 3220 554 3278 audebat.
592 3210 725 3299 Παρῄνει
746 3200 780 3274 δὲ
800 3211 866 3297 περὶ
887 3210 941 3297 μέν
963 3218 1018 3272 τοῦ
1046 3206 1125 3271 θείου
1152 3210 1203 3270 καὶ
1231 3198 1385 3295 δαιμονίου
1410 3211 1461 3271 καὶ

340 3326 439 3415 ν’,ρῴου
454 3323 557 3414 γένους
572 3322 706 3410 εὔφημον
721 3317 794 3384 εἶναι
810 3321 860 3384 καὶ
876 3316 994 3408 ἀγαθὴν
1010 3323 1086 3404 ἔχειν
1103 3323 1223 3381 ἔννοιαν.
1240 3316 1360 3400 (Porph.
1377 3317 1459 3401 ibid.)

339 3445 424 3520 Ipse,
446 3441 497 3516 qui
512 3440 667 3498 daemones
688 3439 848 3512 heroesque
863 3456 881 3493 a
894 3433 1082 3496 multitudine
1100 3440 1287 3509 putarentur,
1312 3433 1460 3491 hominurn

341 3553 454 3614 censuit
473 3570 538 3610 esse
553 3551 666 3608 enimes
680 3543 778 3627 (Diog.
790 3548 845 3606 Le.
859 3549 888 3621 8,
902 3546 951 3615 99,
966 3539 1028 3623 31).
1062 3543 1118 3602 llis
1134 3543 1240 3600 animis
1256 3550 1347 3601 totum
1362 3563 1460 3602 aerem

340 3664 456 3742 impleri
478 3654 592 3740 (ibici)-
628 3660 804 3718 Hominibus
830 3658 897 3715 illos
924 3657 1080 3714 daemones
1105 3654 1255 3724 fortiores,
1282 3654 1338 3712 diis
1363 3655 1460 3712 minus

340 3793 428 3853 puros
458 3792 524 3832 esse
553 3772 747 3847 sensibusque
776 3768 916 3828 obnoxios
945 3767 1129 3844 Pythagoras
1159 3765 1270 3822 censuit
1300 3757 1394 3841 (Plut.
1424 3765 1461 3820 de

340 3887 420 3946 Iside
441 3885 479 3945 25
500 3903 530 3959 p.
553 3883 614 3942 360
634 3874 678 3959 ο).
714 3873 811 3963 Toum
833 3870 910 3946 θεοῖς
930 3861 991 3934 δεῖν
1013 3862 1143 3958 νομίζειν
1164 3870 1214 3932 καὶ
1234 3868 1326 3956 ἥρωσι
1346 3868 1388 3957 μὴ
1406 3868 1461 3941 τὰς

340 3995 422 4070 ἴσας,
449 3987 531 4051 ἀλλὰ
553 3984 629 4060 θεοῖς
651 3986 749 4065 ἀεί..,
776 3984 869 4073 ἥρωσι
892 3973 931 4044 δέ4
950 3981 1009 4044 ἀπὸ
1032 3980 1124 4069 μέσου
1146 3978 1257 4068 ἡμέρας
1282 3980 1385 4064 (Diog.
1405 3985 1460 4048 La.

342 4111 374 4178 8,
403 4107 458 4176 99,
485 4097 552 4181 31).
596 4102 790 4160 Emanavisse
814 4101 969 4159 daemones
996 4116 1019 4156 s.
1046 4096 1160 4155 animas
1186 4116 1221 4154 ex
1246 4096 1313 4173 igne
1339 4094 1461 4152 centrali

341 4212 392 4296 (Ο.
414 4216 513 4275 Ritter
533 4215 569 4273 de
591 4213 697 4289 philos.
721 4214 846 4288 Pythng.
867 4231 896 4286 p.
920 4202 1013 4287 913),
1036 4226 1125 4286 posse
1143 4215 1240 4266 eutem
1261 4206 1348 4263 ctiam
1369 4203 1460 4260 oculis

340 4327 486 4385 interdum
508 4324 637 4400 conspici
658 4316 744 4403 (ibid.
765 4342 794 4400 p.
812 4324 869 4380 911
889 4329 949 4378 not.
967 4322 984 4379 9
1001 4311 1086 4396 etl).
1116 4314 1249 4394 Impurus
1266 4314 1378 4371 animas
1392 4332 1460 4389 poe-

340 4439 387 4497 nis
403 4435 549 4496 atrocibus
569 4434 661 4494 affici:
684 4452 759 4509 quae
780 4453 816 4492 ne
836 4432 894 4490 vim
910 4432 1038 4508 iniquam
1055 4430 1083 4486 in
1100 4447 1153 4487 nos
1169 4431 1336 4494 exerceant,
1356 4424 1460 4481 lustra·
