3592 5400
806 610 847 674 57

335 823 430 887 τοῦτο
461 824 529 904 ἅμα
562 824 656 887 νυκτὶ
691 820 831 907 ἐξῄρετο.
861 822 964 889 Locus
994 822 1197 890 emendandus
1223 821 1312 889 ἄλλα

335 986 369 1025 τε
401 963 691 1047 ἐπιφρασσόμενα,
725 963 781 1026 καὶ
812 969 853 1045 τῇ
881 961 1023 1045 μάλιστα
1055 960 1127 1027 ἔσκε
1159 967 1310 1028 ἑκάστοτε

337 1101 497 1188 ἐπίμαχον
521 1104 577 1165 τοῦ
602 1102 723 1188 τείχεός
747 1125 805 1181 τι,
829 1104 924 1166 τοῦτο
950 1127 976 1170 κ.
1001 1127 1028 1167 τ.
1052 1105 1076 1166 ἑ.

798 1342 856 1407 ΙΧ.

382 1568 459 1634 Ibid.
482 1568 540 1634 IX.
565 1572 615 1633 60.
638 1568 722 1635 Ferri
744 1591 805 1635 non
828 1574 928 1658 potest
947 1569 1038 1637 lectio
1058 1570 1256 1655 συνοίδαμεν
1269 1610 1309 1622 -

338 1730 440 1775 verum
465 1713 511 1775 est
533 1707 697 1791 σύνιὸμεν.
720 1748 764 1759 -

806 1935 846 2002 X.

380 2163 515 2252 Euripid.
538 2163 683 2231 Androm.
707 2187 734 2231 v.
756 2167 831 2231 401.
854 2163 917 2239 Qui
941 2165 970 2231 h.
992 2164 1012 2232 l.
1034 2166 1067 2231 in
1089 2165 1161 2233 edit.
1184 2166 1215 2232 J.
1237 2167 1311 2234 Bar-

335 2305 413 2370 nesii
436 2303 567 2369 insertus
589 2304 702 2391 legitur
724 2327 827 2371 versus

428 2469 482 2531 καὶ
507 2465 600 2530 παῖδ’
625 2467 689 2530 απὸ
714 2465 886 2555 βληθέντα
911 2475 1083 2554 περγάμων
1107 2474 1218 2556 ἄκρων

338 2632 446 2699 merito
469 2630 505 2698 ab
527 2630 704 2699 Editoribus
726 2632 787 2699 fuit
810 2633 947 2720 rejectus.

799 2877 857 2942 XI.

382 3105 520 3194 Xenoph.
552 3104 695 3175 Anab‚I
721 3110 749 3173 3.
774 3112 824 3175 14.
848 3108 1005 3195 Iljicienda
1028 3114 1115 3188 sunt,
1138 3132 1214 3196 quae
1236 3110 1315 3176 inter

337 3245 546 3334 parentheseos
580 3246 668 3334 signa
697 3248 860 3314 efferuntur
889 3254 911 3330 η’
942 3247 973 3311 δ’
1001 3247 1105 3334 ἀγορὰ
1136 3243 1177 3329 ἦν
1211 3250 1246 3315 ἐν
1270 3254 1315 3334 τῷ

339 3389 530 3475 βαρβαρικῷ
555 3391 780 3473 στρατεύματι.

792 3614 868 3682 XII.

382 3844 462 3912 Ibid.
498 3848 549 3910 10.
582 3846 633 3911 17.
665 3846 693 3909 εἰ
724 3842 825 3910 αὐτοῦ
856 3846 1030 3928 μείναντες
1063 3849 1103 3911 τὰ
1135 3850 1315 3933 σκευοφόρα

340 3987 488 4062 ἄγοιντο.
514 3983 630 4073 corrige
651 3982 818 4067 μένοντες.

782 4224 874 4290 XIII.

381 4451 458 4518 Ibid.
488 4452 546 4517 IV.
579 4458 607 4518 8.
640 4456 689 4519 14.
721 4450 873 4535 ἐμποδὼν
906 4454 1008 4535 τὸμὴ
1032 4451 1094 4537 ἤδη
1119 4445 1216 4519 εἶναι.
1242 4454 1326 4519 Om-
