3592 5400
666 495 695 537 π.
707 497 733 536 τ.
745 476 781 537 ἐν.
794 472 904 561 λογίων
920 474 1136 559 palaemone,
1239 546 1241 550 ¹
1416 471 1454 537 41

338 650 560 710 similitudinem
578 649 668 708 etiam
688 668 724 707 ea
737 648 846 719 refero,
867 668 942 724 quae
956 649 1010 708 III.
1026 651 1064 707 14
1078 649 1116 706 de
1129 648 1281 726 Apolline,
1303 648 1458 719 Mercurio,

339 762 516 838 Aesculapio
531 761 629 820 tradit.

401 873 578 932 Absolverat
601 873 719 930 deorum
747 872 874 930 ordinem
902 879 937 930 'et
954 889 1090 940 munera,
1115 890 1204 946 quum
1224 872 1297 929 bace
1319 871 1460 931 scriberet

340 976 387 1063 (V.
403 975 469 1062 l¹l²
485 976 535 1041 Oe
551 977 641 1066 μόνον
657 967 690 1041 δὲ
703 977 759 1047 τήν
773 977 927 1040 πολιτείαν
942 979 1042 1039 αὐτῶν
1057 977 1144 1039 αὐτοὶ
1155 974 1342 1064 μεριηνύκασι
1354 977 1405 1039 καὶ
1417 975 1460 1040 τὰ

339 1087 421 1152 ἄλλα
435 1088 476 1151 τοὶ
491 1086 643 1176 εἰρημένα,
658 1087 740 1150 ἀλλὰ
755 1088 805 1150 καὶ
820 1082 927 1150 οἷστισι
942 1088 1076 1175 χαίρουσι
1089 1089 1140 1150 καὶ
1154 1095 1334 1174 κρατοῦνται
1345 1087 1460 1176 ὑπηγό-

340 1222 461 1288 ρευσαν,
482 1201 534 1262 καὶ
553 1199 611 1287 μὴν
634 1199 685 1260 καὶ
703 1198 778 1261 τίσιν
792 1189 1032 1287 ἀναγκάζονται,
1050 1199 1118 1261 τίνα
1133 1188 1167 1261 di
1182 1187 1232 1260 θεῖ
1244 1194 1348 1275 doen,
1360 1199 1410 1260 καὶ
1424 1202 1459 1261 ἐκ

338 1311 426 1384 ποίας
444 1309 555 1398 ἡμέρας
570 1305 778 1397 ἐκτρέπεσθαι·
800 1309 837 1371 τὸ
853 1318 957 1397 osdgar
975 1317 1036 1371 τῶν
1051 1307 1239 1398 ἀγαλράτων
1259 1297 1397 1372 ποθαπὸν
1413 1298 1462 1372 θεῖ

338 1431 449 1499 ποιεῖν,
470 1421 557 1483 αὐτοί
575 1442 610 1482 τε
630 1420 723 1493 ποίοις
739 1418 870 1506 σχήμασι
889 1419 1044 1505 φαίνονται
1064 1424 1094 1481 ἐν
1113 1441 1149 1482 τε
1167 1420 1259 1493 ποίοις
1277 1408 1460 1507 θιατρίβουσι

338 1530 450 1605 τόποις.
472 1537 549 1595 Turn
568 1537 607 1594 ad
626 1536 783 1594 simulacra
802 1535 908 1594 transit
927 1543 957 1592 et
978 1535 1096 1593 deorum
1118 1536 1241 1594 tonnam
1264 1537 1457 1612 speciemque.

339 1650 419 1725 Ergo
433 1655 607 1724 argumenta
619 1647 707 1704 aliter
721 1646 915 1715 enumeravit,
932 1645 1019 1703 aliter
1033 1646 1190 1705 distribuit.
1214 1649 1259 1705 lta
1273 1647 1310 1705 de
1321 1648 1459 1724 cogendis

339 1758 398 1816 diis
412 1758 531 1815 aliunde
541 1758 655 1816 scimus
663 1758 768 1816 libmm
780 1758 808 1815 ll
823 1757 934 1834 egisse3
950 1756 1022 1814 illud
1035 1764 1133 1818 tamen
1143 1757 1296 1827 discimus,
1314 1758 1358 1815 bis
1370 1758 1459 1817 sacri·

339 1868 408 1926 ficia
427 1886 494 1926 esse
513 1875 652 1926 tractata:
673 1887 741 1925 narn
761 1887 846 1928 secus
867 1869 955 1926 verba
973 1862 1040 1924 τίνα
1061 1850 1094 1923 θὲ
1109 1850 1158 1924 θεῖ
1177 1858 1255 1924 θύειν
1274 1868 1381 1926 addere
1401 1888 1458 1926 non

337 1986 470 2055 poterat,
487 1997 575 2053 quum
586 1978 746 2054 disputatio
757 1978 793 2035 dc
804 1978 923 2036 civitate
934 1978 1052 2036 deorum
1064 1978 1149 2034 finita
1159 1985 1252 2048 esset,
1273 1978 1350 2036 idem
1361 1985 1459 2038 autem

339 2090 489 2147 oraculum
504 2097 533 2146 ct
549 2090 696 2147 civitatem
710 2090 791 2146 illam
807 2096 837 2146 et
851 2088 995 2148 sacrificia
1009 2087 1102 2146 multa
1124 2088 1371 2164 complecteretur.
1398 2090 1459 2149 Ne-

339 2219 397 2275 que
422 2200 523 2257 dcerat
544 2200 619 2276 quod
643 2199 795 2270 adiiceret3
823 2219 890 2257 nam
914 2199 995 2276 prius
1019 2200 1166 2258 oraculum
1188 2199 1327 2258 omiserat
1348 2207 1458 2271 tauros,

339 2329 458 2380 vaccas,
477 2311 599 2380 hoedos,
622 2330 741 2387 capras,
763 2329 846 2381 sues,
867 2329 903 2369 ac
916 2329 1024 2387 paucas
1047 2317 1161 2369 tantum
1176 2311 1368 2370 caerimonias
1383 2330 1459 2371 com·

338 2430 557 2480 memoraverat.
581 2421 767 2496 Quamquam
783 2423 947 2498 posteriora
961 2422 1079 2480 oracula
1093 2422 1129 2478 de
1145 2421 1296 2480 sacrificiis
1310 2429 1341 2479 et
1350 2424 1459 2487 dedic

338 2535 395 2591 bus
410 2532 534 2590 nefastis
548 2532 712 2608 perierunt,
733 2552 822 2590 unum
842 2533 878 2591 dc
899 2532 1001 2591 diebus
1020 2532 1057 2590 ad
1079 2531 1194 2609 singula
1210 2550 1298 2590 sacra
1314 2541 1392 2590 recte
1406 2534 1459 2591 eli·

336 2643 443 2722 gendis
455 2651 590 2719 superest
601 2636 655 2721 (pr.
669 2663 712 2703 ev.
725 2643 760 2702 V.
778 2635 843 2721 14);
859 2643 935 2718 quod
947 2662 1035 2719 quum
1047 2641 1191 2700 Ostanem
1204 2642 1344 2719 optimum
1357 2643 1458 2703 harum

337 2774 436 2813 rerum
451 2762 603 2812 auctorem
623 2755 795 2824 celebraret,
821 2754 1003 2831 Porphyrius
1024 2754 1146 2813 orientis
1167 2754 1292 2831 populos
1310 2773 1458 2813 sacrorum

337 2865 533 2942 peritissimos
555 2884 621 2924 esse
636 2865 777 2935 ostendit,
799 2873 828 2923 et
843 2866 884 2923 ita
899 2866 1031 2940 quidem,
1053 2874 1085 2923 ut
1104 2867 1180 2924 hanc
1193 2867 1394 2941 quaestionem
1409 2867 1461 2937 iis,

338 2995 416 3051 quae
426 2976 588 3051 posteriore
599 2976 662 3034 loeo
675 2976 711 3033 de
722 2977 874 3035 sacrificiis
887 2977 1070 3053 disputabat,
1085 2977 1226 3035 insereret
1239 2970 1336 3055 (ἐντῷ
1348 2971 1458 3060 πρώτῳ

338 3130 365 3143 ..
380 3079 558 3169 ἐκκειμένων
572 3086 617 3143 ἔτι
632 3090 693 3142 τῶν
707 3083 774 3169 περὶ
790 3078 896 3144 θυσιῶν
912 3081 1019 3171 ἐπάγει
1034 3131 1060 3145 ..
1074 3108 1118 3166 pr.
1132 3107 1175 3145 ev.
1189 3088 1243 3145 IX.
1259 3081 1317 3164 10').

404 3196 565 3256 Secundo
581 3198 612 3253 in
627 3172 721 3255 libro
737 3198 834 3275 angeli
849 3198 1065 3257 describuntur:
1086 3197 1124 3255 ad
1143 3199 1196 3257 hos
1217 3201 1295 3255 enim
1310 3201 1458 3258 oraculum
1559 3193 1561 3198 ’

337 3309 412 3365 illud
433 3328 452 3364 a
474 3305 600 3366 Stcucho
623 3308 758 3384 Maioque
780 3308 887 3366 editum
911 3310 1048 3384 pertinet.
1081 3309 1185 3384 Itaque
1208 3316 1320 3367 ceteros
1343 3328 1458 3385 quoquc

337 3419 495 3477 daemones
510 3418 552 3476 ibi
567 3426 707 3477 tractatos
723 3438 789 3477 esse
803 3436 891 3492 quum
906 3437 960 3495 per
972 3437 1004 3476 se
1016 3419 1056 3476 sit
1067 3425 1307 3488 consentancum,
1322 3420 1353 3476 in
1363 3420 1458 3496 primo

338 3536 417 3587 certe
437 3529 511 3587 libro
532 3536 671 3587 tractatos
694 3549 752 3586 non
776 3547 841 3586 esse
865 3548 900 3585 cx
921 3548 965 3603 pr.
985 3548 1027 3585 ev.
1046 3528 1097 3587 IV.
1116 3529 1165 3587 22.
1187 3530 1224 3586 16
1247 3538 1385 3606 apparet,
1408 3530 1457 3587 ubi

336 3640 518 3715 Porphyrius
524 3683 533 3710 ,
549 3640 617 3697 dum
629 3640 664 3697 de
679 3639 867 3697 daemonibus
880 3639 965 3696 malis
978 3645 1198 3709 commentatur,
1214 3639 1319 3697 librum
1332 3640 1458 3716 primum

337 3750 403 3826 ipsc
417 3758 624 3808 commemorat
639 3742 740 3827 (ἐντῷ
755 3743 865 3831 πρώτῳ
880 3733 1073 3831 ἐδείκνυμεν).
1100 3750 1212 3820 Eodem
1226 3751 1472 3828 praeparationis

338 3880 440 3937 evang.
458 3861 520 3918 loco
543 3860 630 3918 etiam
651 3861 686 3917 dc
706 3868 769 3917 arte
789 3860 915 3937 magica,
937 3878 1024 3935 quam
1039 3860 1153 3929 dicunt,
1174 3860 1326 3937 disputare
1343 3861 1456 3939 incipit,

337 3972 384 4027 cui
400 3971 458 4028 arti
472 3972 519 4028 vel
533 3966 603 4028 deos
618 3970 771 4029 inferiores
787 3989 852 4028 esse
865 3977 953 4045 atque
965 3970 1105 4029 obnoxios
1116 3971 1299 4047 Philoponus
1310 3974 1346 4029 de
1357 3972 1458 4031 mundi

337 4089 427 4139 creat.
438 4082 489 4141 IV.
503 4083 543 4141 20
565 4101 600 4138 ex
619 4082 683 4157 ipso
704 4081 779 4139 libro
799 4081 926 4138 secundo
946 4080 1041 4139 affert.
1070 4083 1174 4157 Itaque
1193 4084 1271 4139 huno
1288 4083 1329 4155 ad
1350 4083 1457 4142 librum

336 4192 456 4250 oracula
476 4192 618 4249 trahenda
636 4199 719 4259 sunt,
743 4210 817 4265 quae
836 4192 1018 4267 Porphyrius
1038 4193 1116 4249 haud
1135 4211 1228 4269 pauca
1246 4192 1358 4251 dediis
1373 4193 1457 4250 devo-

337 4303 439 4360 candis
454 4320 620 4377 arcanaque
634 4309 697 4365 arte
713 4302 850 4378 cogendis
865 4302 964 4367 tradit.
989 4300 1061 4367 Cum
1077 4303 1131 4361 illa
1145 4311 1208 4361 arte
1219 4303 1346 4362 siderum
1358 4303 1456 4378 explo-

337 4414 412 4473 ratio
427 4413 671 4492 affeotionumque
690 4412 764 4471 coeli
783 4412 986 4493 interpretatio
1005 4420 1085 4474 arcto
1101 4431 1246 4474 connexae
1266 4418 1334 4469 sunt
1351 4429 1456 4492 cogna-
