3592 5400
409 481 448 545 78
684 503 780 546 carus
795 503 823 546 v,
846 504 888 544 nn
905 503 1110 546 onacunoaun
1124 503 1244 544 narare.

408 673 462 738 μεν
478 701 485 714 .
499 698 521 728 .,
537 649 613 738 ὄφρα
627 639 704 720 ἴδητ’
720 655 752 712 αί
764 649 790 712 κ’
805 650 895 739 ύμμιν
911 649 1039 737 ύπέρσχη
1055 660 1141 737 χεῖρα
1156 647 1303 736 Κρονίων;
1320 697 1349 714 ..
1374 649 1529 738 συνεισφέ-

408 782 466 847 ρειν
480 760 533 823 τόν
549 764 655 823 οἰκεῖον
670 760 759 824 πόνον
774 758 904 838 κελεύει,
920 761 960 833 ὥς
975 781 1045 847 ῳησι
1060 761 1142 821 καὶὸ
1157 759 1299 848 τραγικός
1313 757 1395 822 ἔνθεν
1406 760 1527 843 λαβών·

405 870 497 945 αύτύς
511 894 541 933 τι
556 879 605 932 νῦν
622 860 677 959 δροῖ
694 870 794 958 χούτω
811 860 953 957 δαίμονας
973 867 1074 931 κάλει·
1094 878 1139 950 τῷ
1159 869 1217 957 γὰρ
1233 877 1373 932 πονοῦντι
1392 875 1438 957 χώ
1460 868 1527 945 θεὸς

406 979 623 1068 συλλαμβάνει,
639 986 674 1045 fr.
690 987 761 1046 Eur.
777 985 930 1045 Temenid.
948 987 975 1044 3.

945 1201 992 1256 14.

470 1333 538 1394 Sch.
561 1335 652 1393 Arist.
675 1335 742 1392 nub.
759 1336 830 1392 144:
854 1324 904 1389 Ἐν
926 1325 1037 1409 Λέσβῳ
1061 1315 1093 1389 δὲ
1114 1323 1276 1388 Ναπαίου’
1298 1324 1521 1402 Ἀπύλλωνοςύ

407 1429 502 1513 δοθεὶς
521 1436 639 1515 Πέλοπι
661 1429 831 1530 (χρησμός),
853 1443 1007 1510 αἰτοῦντος
1026 1437 1118 1499 αύτὸν
1139 1434 1280 1524 ἀνάθημα
1299 1445 1354 1499 τοῦ
1378 1434 1447 1500 θεοῦ
1469 1437 1522 1508 τὴν

313 1578 316 1583 ·
406 1546 480 1636 ἄρνα
493 1549 548 1619 τὴν
563 1557 681 1636 γρυσῆν,
697 1547 785 1635 ἕτερα
799 1547 958 1635 παρέχοντι
974 1547 1123 1633 κειμήλια.
1147 1540 1237 1608 Ἔστι
1253 1535 1278 1608 δ’
1290 1545 1401 1621 ούτοις·

630 1655 646 1720 ὃ
662 1656 808 1745 βούλομαι
824 1646 887 1735 δός,
904 1658 944 1745 μὴ
962 1646 1045 1720 δίδου
1062 1646 1096 1734 δ’,
1112 1654 1128 1717 ὃ
1144 1656 1185 1744 μὴ
1202 1653 1289 1718 θέλω.

406 1767 485 1856 ῳέρει
507 1758 539 1831 δὲ
553 1768 606 1830 τόν
625 1767 757 1856 χρησμόν
777 1775 885 1829 τοῦτον
901 1755 1102 1840 Ἀντικλείδης
1123 1771 1153 1828 ἐν
1167 1776 1231 1839 τοῖς
1246 1765 1370 1841 νόστοις.
1400 1771 1520 1831 Versum

405 1892 570 1960 corruptum
583 1882 689 1943 Suidas
701 1884 820 1959 praebet
832 1902 856 1941 s.
865 1903 891 1941 v.
906 1873 1055 1964 ἀνάθημα.
1068 1882 1239 1952 Anticlides,
1253 1900 1338 1956 quem
1352 1881 1386 1941 C.
1399 1876 1522 1940 Mueller

406 1996 517 2071 scriptt.
533 2014 588 2052 rer.
604 1995 687 2052 Alex.
704 1995 745 2053 M.
762 2014 790 2069 p.
807 1994 864 2052 147
886 1994 940 2052 sub
965 1993 1067 2068 primis
1087 1992 1265 2050 Ptolemaeis
1290 1992 1383 2050 fuisse
1414 2003 1520 2062 censet,

404 2107 522 2163 heroum
538 2105 661 2162 reditum
677 2104 767 2162 Troia
781 2103 812 2160 in
828 2103 982 2162 Graeciam
996 2103 1104 2161 factum
1124 2103 1238 2161 fabulas
1257 2102 1384 2161 rariores
1400 2111 1521 2180 captans

404 2234 492 2292 prosa
506 2216 635 2274 oratione
650 2214 786 2271 narravit.
811 2211 968 2269 Oraculum
976 2256 985 2282 ,
1001 2231 1089 2287 quum
1103 2213 1140 2270 ad
1155 2212 1287 2272 fabulosa
1300 2220 1434 2289 tempora
1446 2231 1521 2271 rece·

404 2325 469 2395 dat,
495 2323 642 2383 subditum
662 2331 708 2382 est
725 2324 780 2397 „ab
795 2323 847 2393 iis,
873 2323 923 2397 qui
944 2323 1060 2381 oracula
1081 2322 1217 2382 heroibus
1237 2322 1377 2382 Troianis
1402 2324 1473 2381 data
1494 2331 1521 2379 et

405 2434 513 2492 similia
528 2429 701 2491 ίίιιιιοιίιιιι.ιζ
718 2433 792 2493 Lob.
805 2433 870 2510 Agl.
886 2434 956 2492 267.

936 2638 983 2696 15.

466 2774 551 2834 Ficta
562 2784 607 2834 est
618 2775 704 2833 etiam
717 2776 752 2833 de
763 2773 931 2833 Hannibale
943 2774 1119 2832 vaticinatio.
1136 2774 1215 2833 Plut.
1227 2775 1278 2831 vit.
1292 2773 1452 2833 Flaminia.
1466 2776 1519 2835 20:

402 2889 535 2968 χρησμοῦ
559 2870 591 2943 δέ
612 2903 703 2958 τινος,
727 2884 765 2954 ὡς
787 2884 880 2956 ἔοικε,
906 2881 1038 2942 παλαιοῦ
1060 2879 1201 2965 περὶτῆς
1222 2875 1353 2961 Ἀννίβου
1376 2883 1521 2952 τελευτῆς

404 2987 482 3052 ούτω
498 2995 628 3076 ἔχοντος·

639 3097 777 3184 Λίβυσσα
792 3094 896 3187 κρύψει
913 3100 1008 3183 βῶλος
1022 3098 1153 3183 Ἀννίβου
1170 3089 1275 3188 δέμας,

403 3213 419 3272 ὁ
435 3208 488 3299 μὲν
503 3207 561 3298 ἄρα
575 3206 692 3293 Λιβύην
708 3210 847 3275 ὑπενόει.
862 3258 869 3274 .
892 3214 924 3273 ἐν
940 3200 973 3273 δὲ
988 3209 1109 3293 Βιθυνίᾳ
1125 3262 1131 3275 .
1146 3262 1153 3275 .
1170 3209 1257 3298 κώμη
1272 3232 1317 3283 τις
1332 3256 1361 3272 ..
1381 3208 1519 3293 Λίβυσσα

382 3324 553 3383 καλεῖται.
583 3325 628 3384 Ibi
650 3347 715 3384 enm
730 3335 851 3386 mortem
871 3326 930 3403 ipsi
945 3327 1121 3385 conscivisse
1141 3326 1192 3385 ait.
1222 3325 1345 3383 Versum
1360 3344 1420 3383 non
1435 3325 1520 3384 affert

401 3438 489 3497 Paos.
507 3438 535 3495 8.
555 3439 602 3495 1-1.
617 3437 650 3494 6:
672 3428 788 3516 Ἀννίβα
809 3432 866 3521 γὰρ
886 3431 1018 3520 χρησμός
1040 3433 1164 3520 ἀφίκετο
1184 3428 1266 3517 παρὰ
1284 3423 1462 3518 Ἄμμωνος,
1482 3435 1520 3503 ὡς

470 3684 481 3706 '
504 3682 582 3737 codd.
601 3684 758 3754 γονναπαίου.
793 3683 948 3737 Emendavit
964 3683 1028 3737 Lob.
1042 3683 1102 3752 Agl.
1115 3682 1165 3735 267
1183 3698 1218 3734 ex
1234 3681 1360 3734 Macrobii
1374 3682 1430 3737 Sat.
1446 3683 1468 3737 l.
1481 3681 1519 3736 17.

401 3767 462 3834 303,
481 3770 526 3837 qui
545 3770 651 3839 „Apollo
669 3773 774 3838 pastor“
793 3769 879 3837 inquit
898 3808 937 3833 „..
956 3767 1026 3837 apud
1042 3767 1150 3819 Lesbios
1162 3767 1273 3825 Ναπαῖος
1291 3765 1412 3820 colitur.“
1448 3766 1519 3818 Addo

402 3853 487 3907 Strab.
504 3854 520 3905 9
536 3854 635 3922 pass:
658 3851 730 3919 Νύπη
754 3852 777 3903 ἐν
800 3857 836 3923 τῷ
855 3853 989 3922 Μηθύμνης
1012 3852 1090 3921 πεδίῳ
1113 3857 1140 3903 st
1160 3850 1250 3921 steph.
1267 3849 1331 3918 Byr.
1349 3848 1423 3915 Νίιπη
1447 3850 1519 3910 πόλις

401 3937 494 4005 Λέσβου
581 3938 622 3988 καλ
639 3936 770 3989 Ἀπόλλων
793 3937 918 4001 Ναπαῖος,
940 3954 1052 4005 quorum
1074 3942 1182 4005 uterque
1201 3935 1365 3988 Hellanicum
1387 3942 1518 3989 auctorem

401 4020 487 4086 affert,
504 4020 546 4073 hic
564 4020 588 4071 ἐν
607 4022 712 4091 δευτέρῳ
725 4023 873 4089 Λεσβιακῶν,
911 4022 1051 4074 Oracnlum
1059 4022 1187 4090 Apollinis
1205 4019 1329 4072 inLesbo
1341 4020 1428 4071 insula
1438 4011 1520 4073 fnisse

401 4106 509 4175 colligas
533 4122 568 4158 cx
585 4105 675 4175 Steph.
688 4106 751 4175 Byz.
770 4105 908 4174 Μαλλόεις,
930 4104 979 4157 ἀπὸ
997 4110 1042 4157 τοῦ
1059 4105 1148 4170 Μήλου
1164 4107 1208 4169 τῆς
1225 4103 1353 4171 Μαντοῦς,
1376 4100 1410 4163 ὡς
1429 4101 1519 4155 Ἐλλά-

401 4210 465 4251 νικος
483 4188 506 4241 ἐν
525 4190 649 4258 Λεσβικῶν
668 4190 769 4260 πρώτῳ,
805 4190 856 4243 Ubi
879 4192 949 4243 enim
973 4191 1086 4243 Tiresias
1107 4190 1230 4243 Mantuae
1252 4188 1320 4252 filia,
1343 4188 1381 4240 ibi
1404 4191 1518 4242 oracula.

400 4277 467 4329 Tum
491 4275 524 4328 ad
545 4275 668 4329 Nicandri
689 4276 769 4328 verba
789 4275 818 4327 in
839 4273 905 4329 ther.
921 4274 982 4327 613:
1014 4274 1114 4344 μυρίκης
1139 4271 1242 4344 θάμνον,
1270 4269 1354 4341 μάντιν
1378 4270 1414 4323 dul
1434 4274 1519 4343 ζῴοισι

401 4358 540 4431 γερόσμιον,
558 4354 574 4431 ᾖ
593 4358 616 4411 ἐν
635 4357 767 4411 ’Ἀπόλλων
787 4360 939 4429 μαντοσύνας
957 4356 1092 4428 Ὀροπαῖος
1111 4360 1150 4429 (in
1161 4358 1281 4420 Euboea3
1303 4357 1336 4410 cf.
1350 4356 1443 4426 steph.
1454 4356 1517 4425 Byr.

400 4463 420 4499 s.
439 4446 551 4516 Κορόπῃ)
569 4444 674 4512 ἐθήκατο
692 4444 733 4495 καλ
751 4444 817 4514 θέμιν
836 4442 945 4513 ἀνδρῶν,
963 4444 1115 4497 scholiasta:
1138 4443 1178 4494 aul
1201 4441 1224 4493 ἐν
1243 4441 1330 4510 Λέσβῳ
1353 4438 1518 4493 ὁἈπόλλων

401 4530 502 4599 μυρίκης
519 4529 610 4583 κλάδον
629 4528 690 4601 ἔχει·
710 4527 763 4581 ὅθεν
782 4528 822 4581 καλ
841 4530 968 4600 μυρικαῖος
986 4528 1104 4582 καλεῖται.
