3592 5400
563 538 660 582 carm
674 538 725 582 vn.
748 538 791 582 or
807 538 1137 584 calcanoacnroarn.
1153 541 1234 586 mor.
1399 523 1457 586 101

339 688 451 778 φυσικά
472 687 636 777 Βροντίνου.
661 695 733 752 133:
754 689 825 774 paul
844 677 878 752 δὲ
899 689 956 759 τὴν
978 683 1088 775 Μόψου
1109 689 1296 779 καλουμένην
1316 694 1461 780 μαντικὴν

339 790 483 874 συντάξαι
496 799 551 862 τόν
566 796 736 888 Κυρηναῖον
751 797 878 862 Βάττον.
900 806 1075 864 Plutarchus
1091 807 1126 863 de
1141 807 1229 883 Pytb.
1247 808 1286 866 25
1302 829 1330 884 p.
1348 810 1408 867 407
1425 810 1459 868 b:
1556 787 1560 794 Ι

339 907 554 999 Ὀνομάκριτοι
574 899 600 972 δ’
620 913 728 974 ἐκεῖνοι
747 911 799 974 καί
816 899 964 998 προδόται
984 911 1035 973 καί
1054 909 1218 987 Κινάσωνις
1238 911 1332 997 (recte
1347 918 1459 978 Botzon

337 1028 376 1086 ad
395 1027 506 1085 calcem
526 1033 660 1101 quaestt:
673 1027 866 1096 mimicaram‚
888 1044 991 1084 comm.
1012 1027 1110 1105 inaug.
1126 1028 1222 1086 Berol.
1239 1048 1265 1088 a.
1282 1030 1362 1088 1852
1380 1022 1460 1112 Πρό-

338 1123 417 1196 δικσι
431 1132 483 1194 καί
497 1128 717 1215 Arretinae)
733 1131 804 1202 όσην
819 1131 917 1194 αἰτίαν
930 1129 1097 1220 ἠνέγκαντο
1112 1134 1160 1196 ἐπὶ
1171 1143 1233 1196 τῶν
1247 1144 1399 1222 γρησμων,
1420 1139 1460 1209 ὼς

337 1232 510 1333 τραγῳδίαν
525 1244 628 1316 αὐτοῖς
647 1243 697 1305 καί
712 1241 804 1332 ὄγκον
819 1231 905 1305 οὐδὲν
920 1230 1069 1330 δεομένοις
1088 1241 1276 1331 προσθέντες,
1296 1248 1335 1307 ἰῶ
1352 1244 1458 1333 λέγειν.

338 1360 432 1419 (ilem.
455 1365 556 1418 strom.
575 1361 601 1416 1.
621 1360 668 1416 15.
686 1359 740 1417 69:
762 1350 959 1440 Ζωροάστρην
980 1341 1013 1415 δὲ
1031 1353 1086 1416 τόν
1101 1351 1211 1442 Μάγον
1230 1355 1284 1418 τόν
1303 1353 1422 1442 Πέρσην
1442 1359 1458 1417 ό

339 1462 521 1554 Πυθαγόρας
539 1454 701 1538 ἐζήλωσεν·
722 1463 841 1545 βίβλους
861 1461 1049 1550 ἀποκρύφους
1062 1471 1117 1526 τοῦ
1133 1453 1239 1551 ἀνδρός
1256 1454 1348 1529 τοῦδε
1363 1469 1390 1527 οί
1403 1467 1459 1536 τὴν

338 1564 491 1663 Προδίκου
512 1573 666 1662 μετιόντες
685 1575 794 1661 αἵρεσιν
814 1575 939 1660 αύχοῦσι
958 1571 1131 1643 κεκτῆσθαι.
1159 1581 1237 1638 Plin.
1259 1601 1288 1640 n.
1310 1581 1405 1640 1130.
1424 1583 1456 1640 2:

340 1690 544 1765 „Democritus
554 1689 776 1766 Apollobechen
792 1687 929 1766 coptiten
945 1696 975 1746 et
988 1689 1158 1747 Dardanum
1179 1710 1195 1747 e
1216 1692 1363 1749 Phoenice
1384 1691 1458 1748 inlu·

338 1802 455 1870 stravit,
475 1800 669 1859 voluminibus
684 1799 816 1858 Dardani
831 1800 862 1857 in
878 1799 1062 1876 sepulchrum
1078 1800 1140 1857 eins
1155 1801 1255 1877 petitis
1267 1799 1282 1830 “
1308 1795 1385 1879 (quis
1400 1822 1457 1860 non

338 1912 503 1971 meminerit
525 1910 652 1969 Bentleii
673 1911 708 1968 de
729 1910 813 1969 libris
836 1909 961 1968 defossis
982 1903 1205 1987 facetiarumil,
1231 1912 1311 1984 „suis
1334 1931 1400 1969 vero
1423 1932 1459 1970 ex

337 2023 496 2100 disciplina
510 2041 608 2081 eornm
623 2017 740 2079 editis.“
764 2020 854 2078 Addit
869 2038 935 2079 esse
953 2021 1021 2097 „qui
1037 2021 1109 2078 baec
1123 2021 1186 2078 eins
1203 2038 1269 2078 esse
1290 2040 1378 2097 opera
1393 2023 1458 2079 infi-

337 2131 481 2192 cientur.“
507 2132 626 2203 Graeci,
642 2132 756 2201 Iudaei,
770 2129 930 2190 Christiani
944 2130 1065 2208 Sibyllis
1077 2131 1226 2207 praedicta
1241 2133 1455 2208 supponebant.

336 2247 464 2304 Feraces
484 2250 569 2301 erant
586 2243 708 2301 istarum
728 2242 872 2301 fraudium
892 2260 981 2317 quum
1000 2242 1077 2300 aliae
1098 2240 1331 2300 Christianorum
1350 2251 1456 2312 sectas,

337 2365 399 2414 tum
415 2355 572 2415 Gnostica.
596 2354 742 2430 Epiphan.
759 2354 872 2411 haeres.
891 2355 909 2412 0
926 2346 999 2431 (26)
1015 2371 1077 2429 cap.
1098 2357 1129 2411 1:
1152 2348 1270 2430 βίβλους
1288 2346 1457 2411 πλάττουσι

336 2459 456 2548 Νωρίαν
469 2459 538 2522 τινά
552 2459 654 2541 βίβλον
669 2460 832 2532 καλοῦντες
845 2458 896 2520 καὶ
913 2450 945 2532 ίξ
965 2459 1103 2531 ὑπονοίας
1119 2455 1296 2532 Ἑλληνικῆς
1317 2447 1458 2521 δεισιδαι·

337 2572 440 2660 μονίας
462 2578 695 2659 μεταποιοῦντες
716 2568 772 2639 την
793 2567 861 2656 παρ’
883 2571 985 2642 αὐτοῖς
1005 2562 1137 2637 Ἕλλησι
1160 2557 1284 2655 μυθώδη
1307 2571 1321 2655 ρ’
1345 2558 1458 2652 ψῳδίαν

336 2684 389 2746 καὶ
403 2682 582 2771 ραντασίαν,
602 2679 682 2744 σύτω
696 2679 733 2742 τό
749 2667 856 2764 ψεῦδος
869 2689 911 2763 τῇ
925 2675 1052 2762 ἀληθεία
1065 2676 1284 2767 προσπλέκουσι
1299 2727 1305 2739 .
1321 2726 1327 2739 .
1342 2675 1458 2749 ταύτην

336 2792 396 2884 γάρ
417 2816 488 2880 φασι
507 2792 562 2862 τήν
582 2790 700 2879 Νωρίαν
721 2787 795 2853 εἶναι
814 2798 870 2853 τοῦ
885 2787 947 2853 Νοὲ
967 2801 1103 2880 γυναῖκα.
1130 2793 1202 2870 Cap.
1217 2795 1250 2853 2:
1266 2786 1355 2851 ἄλλοι
1376 2778 1409 2851 δὲ
1425 2780 1458 2863 ἐξ

337 2909 439 2969 αὐτῶν
453 2902 543 2967 πάλιν
564 2902 746 2966 ἐπίπλαστον
767 2898 934 2990 εἰσάγουσιν
954 2900 1110 2991 ἀγώγιμόν
1128 2925 1159 2963 τι
1178 2900 1307 2988 ποίημα,
1329 2904 1353 2981 ῲ
1372 2922 1458 2969 ποιη-

335 3013 468 3104 τεύματι
488 3011 627 3077 ἐπέθεντο
649 3012 756 3102 ὄνομα,
779 3010 954 3102 εὐαγγέλιον
973 3020 1065 3075 τοῦτο
1088 3010 1252 3100 φάσκοντες
1271 3060 1300 3073 ..
1322 3008 1409 3073 ἄλλοι
1425 2999 1458 3073 δὲ

337 3129 393 3189 ούκ
416 3123 603 3213 αἰσχύνονται
624 3122 763 3213 λέγοντες
785 3122 961 3213 εὐαγγέλιον
983 3121 1072 3197 Εὔας.
1103 3127 1174 3204 Cap.
1193 3130 1226 3187 8:
1248 3128 1384 3187 habuisse
1407 3146 1456 3185 nos

336 3236 494 3326 ἐρωτήσεις
507 3232 625 3322 Μαρίας
640 3247 669 3297 et
684 3230 885 3319 ἀποκαλύψεις
898 3241 955 3296 του
970 3222 1072 3321 Ἀδάμ..

401 3352 484 3410 Haec
499 3371 590 3429 pauca
605 3370 641 3408 ex
655 3349 817 3427 permultis.
848 3350 908 3407 Tot
921 3347 1010 3425 igitur
1025 3368 1060 3406 ex
1075 3347 1203 3407 fontibus
1222 3366 1309 3422 quum
1325 3348 1458 3423 Porphy-

337 3464 373 3522 rii
390 3463 508 3521 oracula
522 3462 682 3520 redundare
697 3460 853 3536 potuerint,
870 3478 905 3515 ex
920 3458 1099 3535 singulorum
1114 3465 1284 3535 argumento
1300 3465 1328 3515 et
1345 3456 1457 3514 ratione

337 3574 477 3632 iudicium
491 3573 655 3630 faciendum
670 3578 723 3629 est.
755 3570 852 3644 Quum
872 3588 939 3627 vero
960 3587 1012 3626 suo
1027 3568 1160 3644 quodque
1175 3568 1237 3626 loco
1254 3575 1388 3637 tractem,
1410 3566 1458 3623 hic

337 3685 412 3743 satis
436 3685 546 3754 babeo,
572 3683 652 3741 cuius
673 3681 788 3759 generis
810 3680 927 3757 singula
947 3679 1061 3736 oracula
1082 3696 1148 3736 esse
1168 3679 1334 3748 videantur,
1356 3678 1457 3753 paucis

338 3795 515 3873 significare.
542 3796 586 3851 Ac
601 3793 726 3869 primum
743 3791 859 3867 quidem
877 3789 944 3847 fusa
959 3807 1024 3847 esse
1039 3790 1074 3846 in
1090 3788 1237 3865 templis
1252 3789 1379 3847 arbitror
1393 3807 1456 3846 ora-

338 3907 405 3964 cula
420 3904 606 3981 Apollinis
621 3902 811 3978 Didymael
830 3920 876 3976 ap.
893 3901 1001 3959 Euseb.
1017 3918 1117 3976 praep.
1135 3918 1234 3977 evang.
1251 3899 1296 3957 ed.
1312 3899 1411 3978 Vigeri
1426 3920 1455 3975 p.

341 4016 442 4085 1901),
461 4016 519 4073 192
531 4033 558 4085 ιι,
576 4015 636 4072 204
649 4013 682 4083 d,
698 4012 814 4070 oracula
828 4010 1015 4087 Apollinis
1033 4010 1141 4069 ibidem
1156 4030 1184 4086 p.
1203 4011 1262 4069 237
1275 4030 1307 4081 a,
1325 4010 1456 4077 13811,

338 4134 368 4183 et
383 4144 431 4201 ap.
448 4126 601 4202 Angustia.
618 4124 654 4181 de
669 4124 722 4182 civ.
739 4122 786 4179 dei
804 4122 851 4179 19.
870 4122 919 4180 23.
939 4124 965 4191 1,
982 4121 1165 4200 Apollinis
1180 4128 1231 4178 aut
1245 4120 1457 4195 Aesculapii

407 4322 420 4348 ¹³
438 4320 581 4373 Cinastbon
597 4320 749 4372 Heracleam
765 4318 881 4388 scripsit,
898 4335 1004 4371 carmen
1020 4318 1129 4385 epicum.
1153 4316 1213 4370 Scb.
1230 4315 1315 4383 Apoll.
1333 4313 1416 4367 Rhod.
1435 4314 1456 4366 1.

340 4406 406 4459 1357
419 4410 456 4469 et,
469 4406 515 4458 ubi
526 4422 622 4457 nornen
634 4405 661 4456 in
673 4404 758 4454 Κόνων
772 4408 921 4472 corruptum
934 4409 987 4467 est,
998 4402 1070 4455 1165.
1088 4397 1345 4454 Posteriorisscholii
1356 4398 1456 4451 sontem

338 4507 445 4542 versam
458 4506 515 4542 esse
527 4506 543 4541 a
555 4489 636 4542 schol.
647 4488 720 4570 Ρίιιιίτ
732 4488 807 4542 Νοιιι.
821 4488 844 4543 3.
857 4488 890 4541 38
903 4488 1026 4540 traditum
1038 4486 1171 4557 perspexit
1181 4481 1327 4537 Meinekias
1340 4483 1368 4534 in
1378 4481 1456 4535 Athe-

338 4591 436 4632 naatmr
448 4590 517 4648 spec.
531 4575 543 4627 l
557 4592 582 4647 p.
597 4573 635 4629 12.
