3592 5400
344 625 386 686 50
780 641 888 686 noma.

388 833 480 921 Apud
504 833 584 899 hunc
608 832 761 899 distichon
783 834 825 898 itu
848 832 976 920 legitur:

367 1036 488 1117 Βωμὸν
515 1031 753 1119 Ἀριστοτέλης
778 1032 970 1118 ἐνιδρύσατο
995 1032 1089 1099 τόνδε
1113 1031 1296 1108 Πλάτωνος

411 1173 570 1258 Ἀνδρός,
597 1175 635 1239 ὃν
661 1173 731 1238 οὐδ’
755 1176 861 1239 αἶνεῖν
887 1180 971 1237 τοῖσι
996 1179 1125 1238 κακοῖσι
1149 1171 1258 1256 θέμις.

341 1386 404 1451 Ubi
436 1384 618 1460 Πλάτωνος
650 1392 746 1464 recte,
776 1385 853 1452 mule
885 1384 988 1470 ἐνιδρ.
1022 1408 1075 1474 pro
1099 1384 1264 1470 idoaldum,
1289 1389 1325 1451 ut

342 1527 431 1590 etiam
463 1523 501 1591 ob
531 1528 603 1591 Ant.
634 1524 845 1590 Westermann
876 1524 947 1590 edit.
977 1524 1071 1590 Paris.
1102 1523 1194 1589 Firm.
1227 1524 1324 1590 Didot

346 1668 429 1731 1850
455 1664 590 1730 videmus
613 1664 795 1730 restitutum.
819 1663 931 1728 Joanni
954 1661 1123 1750 Theophilo
1145 1662 1246 1728 Buhle
1265 1661 1322 1728 l.o.

343 1803 378 1866 Τ.
402 1802 427 1866 I.
460 1826 487 1890 p.
512 1806 562 1868 53.
595 1801 652 1868 hoo
684 1801 835 1867 distichon
864 1802 1026 1868 conflatum
1057 1824 1122 1867 esse
1145 1801 1264 1867 videtur
1286 1824 1322 1867 ex

343 1943 525 2029 fragmento,
557 1941 637 2027 quod
664 1941 797 2007 occurrit
820 1942 852 2005 in
876 1941 1090 2006 commentario
1112 1940 1323 2028 Olympiodori

341 2080 378 2146 ad
401 2081 545 2168 Gorgiam
565 2080 716 2157 Platonis,
739 2080 878 2166 quodque
905 2081 1033 2168 petitum
1064 2080 1176 2145 dicitur
1195 2103 1232 2146 111
1251 2080 1322 2145 Ari·

340 2219 457 2285 stotelis
474 2218 577 2305 elegiis
596 2218 634 2284 ad
658 2217 840 2284 Eudemum:
861 2219 913 2283 sed
933 2218 1090 2285 Aristoteli
1110 2218 1240 2285 adscribi
1261 2241 1321 2285 non

342 2365 455 2446 potest,
482 2356 621 2444 quoniam
646 2358 735 2422 ineo
758 2357 790 2421 iu
813 2359 904 2423 tertia
926 2379 1050 2444 persona
1074 2357 1110 2423 de
1133 2382 1164 2424 so
1186 2358 1322 2444 loquitur

340 2496 532 2574 Aristoteles,
544 2496 596 2583 qui
608 2519 673 2561 mos
685 2496 780 2560 serius
793 2495 911 2560 demum
921 2496 1061 2563 obtinuit.
1071 2497 1155 2562 Haeo
1162 2497 1269 2564 Buhle
1279 2537 1321 2546 —

340 2637 381 2703 ut
401 2658 470 2703 vero
489 2637 557 2723 quis
577 2635 648 2703 talia
667 2635 704 2700 ab
723 2635 789 2724 ipso
809 2635 972 2702 Aristotele
992 2638 1124 2725 profecta
1135 2659 1199 2702 esse
1211 2637 1320 2724 putet?

429 2834 568 2901 Ἐλθὼν
594 2834 670 2911 δ’ἒς
696 2833 826 2902 κλεινὸν
850 2838 1037 2923 Κεκροπίης
1061 2836 1218 2917 δάπεδον,

390 2973 558 3061 Εὐσεβέως
584 2981 698 3057 σεμνῆς
723 2972 832 3059 φιλίης
857 2974 1010 3061 ἱδρύσατο
1033 2978 1142 3062 βωμὸν

434 3113 594 3199 Ἀνδρὸς,
620 3114 658 3179 ὃν
683 3113 753 3179 οὐδ’
777 3116 885 3180 αἶνεῖν
910 3122 994 3180 τοῖσι
1018 3122 1147 3180 κακοῖσι
1173 3114 1282 3200 θέμις·

387 3256 448 3330 Ὃς
471 3259 569 3337 μόνος
593 3259 614 3336 ἤ
636 3256 762 3338 πρῶτος
787 3259 924 3338 θνητῶν
950 3252 1138 3329 κατέδειξεν
1159 3252 1319 3339 ἐναργῶς,

433 3395 552 3477 Οἶκείῳ
576 3418 609 3458 τε
634 3394 696 3479 βίῳ
721 3396 776 3456 καὶ
799 3392 969 3475 μεθόδοιοι
994 3392 1099 3472 λόγων

256 3596 263 3611 ,
364 3579 365 3583 ,
388 3536 446 3608 Ὡς
469 3533 597 3611 ἀγαθός
621 3557 655 3597 τε
680 3535 735 3595 καὶ
761 3530 924 3615 εὐδαίμων
949 3533 1016 3616 ἅμα
1039 3533 1167 3611 γίνεται
1192 3531 1274 3618 οἰνὴρ

431 3672 477 3737 Od
505 3679 563 3739 νῦν
589 3670 619 3736 δ’
634 3670 702 3736 ἔστι
727 3670 843 3759 λαβεῖν
867 3670 977 3737 οὐδενὶ
1002 3676 1106 3736 ταῦτά
1129 3696 1220 3736 ποτε.

389 3888 484 3953 Recte
513 3887 572 3952 Ad.
602 3884 694 3952 Stahr
723 3886 742 3951 l.
773 3909 798 3952 o.
831 3885 866 3952 Τ.
892 3888 919 3952 1.
949 3909 977 3973 p.
1001 3889 1052 3952 62.
1076 3884 1154 3950 nihil
1176 3885 1322 3972 impedire

344 4027 436 4105 dicit,
463 4026 626 4113 quominus
651 4024 807 4091 credamus
831 4047 930 4091 revera
952 4022 990 4090 ab
1011 4024 1175 4092 Aristotele
1197 4024 1319 4091 Platoni

343 4166 471 4232 dicatam
503 4188 567 4230 esse
597 4187 694 4242 arom,
726 4186 794 4229 oum
825 4187 872 4229 res
895 4188 947 4252 per
969 4188 1000 4229 se
1024 4162 1186 4253 probabilis
1209 4166 1266 4244 sit3
1290 4171 1320 4230 11

344 4306 525 4391 reliquorum
554 4305 736 4389 conjecturis
759 4310 893 4369 nostram
917 4303 1043 4389 adjicere
1065 4303 1171 4383 lioeat;
1195 4326 1232 4369 ex
1255 4327 1317 4368 om·

344 4444 433 4510 nibus
467 4444 515 4510 his
547 4443 681 4511 versibus
711 4444 764 4508 uni
795 4442 867 4508 huio
898 4440 1017 4528 ἀνδρὸς
1050 4468 1080 4506 κ.
1115 4468 1144 4507 τ.
1177 4446 1204 4506 ἑ.
1237 4443 1321 4509 color
