3592 5400
800 622 839 687 61

765 928 887 994 XXVI.

379 1151 459 1219 Ibid.
477 1155 495 1240 t
517 1156 567 1219 15.
587 1154 630 1226 ὡς
652 1149 682 1216 δ’
696 1152 831 1228 εὔζωνοί
847 1153 898 1238 [τε
912 1154 967 1215 καὶ
982 1153 1081 1238 ταχύ]
1097 1153 1309 1236 ἐπορεύοντο,

338 1293 484 1378 [εἰκότως
508 1290 633 1372 πολλήν
658 1316 691 1355 τε
715 1288 791 1355 ὁδὸν
817 1289 993 1370 διήνυσαν,
1016 1292 1089 1377 καὶ]
1114 1292 1182 1374 ἅμα
1207 1289 1311 1374 κνέφᾳ

336 1430 476 1514 πλησίον
497 1431 671 1510 γίγνονται
692 1435 748 1495 τοῦ
771 1433 837 1496 τῶν
858 1432 1044 1515 Ὑρκανίων
1062 1433 1311 1515 στρατεύματος.

336 1572 423 1644 Quae
445 1572 534 1637 uncis
556 1571 674 1638 inclusa
697 1570 853 1650 dedimus,
872 1569 1030 1638 manifesto
1048 1570 1224 1660 glossatoris
1243 1578 1315 1638 sont

335 1710 546 1779 additamento
871 1684 874 1689 Ι

753 1910 893 1976 XXVII.

381 2134 461 2201 Ibid.
491 2135 583 2201 VIII.
616 2138 643 2201 7.
675 2140 725 2201 28.
756 2137 849 2199 ταῦτ’
881 2133 996 2213 εἰπὼν,
1028 2135 1082 2198 καὶ
1107 2139 1235 2212 πάντας
1259 2135 1313 2201 δε-

335 2273 533 2359 ξιωσάμενος
557 2272 820 2360 συνεκαλύψατο.
847 2276 914 2342 Imo
939 2273 1180 2360 ἐνεκαλύψατο.

747 2501 905 2567 XXVIII.

382 2728 476 2796 Recte
498 2734 528 2796 et
551 2731 770 2798 Valckenarius
797 2734 827 2797 et
850 2728 1012 2796 Fischeros
1035 2735 1127 2819 caput
1150 2735 1222 2796 ΒΜ
1244 2730 1312 2797 libri

338 2868 433 2937 VIII.
456 2870 565 2960 Cyrop.
587 2871 727 2961 Xenoph.
748 2877 848 2939 totum
870 2872 1006 2960 spurium
1026 2872 1210 2960 judicarunt.

769 3099 893 3165 XXIX.

384 3323 471 3392 Plato
493 3325 582 3414 Apol.
606 3326 720 3392 Sonat.
744 3329 796 3393 Il.
818 3326 854 3393 B.
877 3324 915 3391 οὐ
938 3323 1051 3408 μέντοι
1078 3366 1120 3377 -
1142 3327 1314 3393 κεκαλλιε-

342 3462 506 3547 πημένους
527 3488 562 3541 νε
584 3461 717 3545 λόγους,
739 3464 846 3550 ὥσπερ
867 3464 900 3529 οἱ
916 3468 1052 3547 τούτων,
1076 3468 1192 3552 ῥήμασί
1211 3494 1246 3533 τε
1260 3471 1316 3533 καὶ

340 3601 510 3687 ὀνόμασιν,
537 3603 611 3668 οὐδὲ
637 3604 912 3689 κεκοσμημένους,
936 3604 1010 3670 ἀλλ’
1036 3632 1066 3670 κ.
1092 3632 1122 3670 τ.
1148 3610 1174 3670 ἕ.
1198 3611 1314 3693 ῥήμασι

263 3772 266 3782 ·
340 3747 370 3808 et
392 3767 466 3829 qnae
497 3751 663 3831 sequuntur
692 3745 847 3832 usquead
871 3743 946 3809 αλλ’
970 3746 1118 3834 glossema
1140 3749 1318 3825 continent,

341 3882 422 3968 quod
445 3882 584 3951 deleatur.

777 4111 883 4178 XXX.

386 4334 466 4400 Ibid.
494 4338 546 4399 40.
574 4334 611 4401 B.
639 4332 707 4417 ἐμοὶ
741 4332 771 4398 δ’
803 4336 872 4399 οὔτ’
907 4334 1028 4410 ἐξιόντι
1052 4333 1158 4400 ’ἕωθεν
1182 4335 1316 4401 οἴκοθεν

343 4474 538 4557 ἠναντιώθη
569 4477 605 4537 τὸ
635 4478 691 4538 τοῦ
719 4478 799 4539 θεοῦ
829 4481 973 4559 σημεῖον,
1004 4475 1080 4537 οὐθ’
1110 4476 1210 4557 η’νίκα
1238 4474 1319 4541 α’νέ-
