3592 5400
658 559 755 609 canor
769 567 790 608 r.
814 565 884 609 urm
899 565 1071 610 rournrun.
1387 547 1427 614 13
1464 563 1467 567 ’

305 722 434 802 quinque
449 720 577 781 tiliarum
593 720 771 801 duorumque
793 720 919 780 filiorum
934 728 1070 794 matrem,
1090 721 1257 782 valetudine
1271 723 1427 796 infirmam,

303 854 415 912 pauper
425 853 584 911 pauperem
592 827 612 904 ¹,
628 832 834 912 philosophiae
845 853 913 894 vero
925 827 1200 894 surdiosissimam².
1231 835 1347 894 Tenero
1358 855 1427 895 uxo·

303 965 365 1004 rem
386 964 485 1004 amore
503 945 584 1004 fovit.
615 944 728 1003 Decem
748 943 900 1017 mensibus
915 953 983 1023 post
1003 945 1120 1022 nuptias
1140 947 1171 1003 in
1187 945 1340 1005 Graeciam
1361 967 1427 1024 pro·

302 1056 410 1127 fectus,
427 1056 551 1134 negotiis
567 1054 747 1132 aliquamdiu
770 1092 805 1100 -
827 1056 952 1114 Athenis
968 1057 1033 1114 siue
1048 1056 1152 1128 dubio,
1176 1056 1227 1115 ubi
1243 1056 1343 1115 schola
1357 1057 1426 1117 Pla-

307 1167 405 1226 tonica
427 1169 563 1237 florebat,
590 1188 626 1210 -ι
650 1161 858 1226 retinebatur³.
884 1168 1014 1242 ,Rornae
1034 1168 1139 1225 dicitur
1158 1168 1249 1225 evita
1268 1161 1425 1239 abiisse“⁴,

303 1297 380 1340 anno
395 1277 456 1336 fere
468 1279 545 1348 304,
563 1278 713 1354 aliquanto
728 1286 796 1355 post
811 1297 898 1355 quam
912 1297 1049 1338 arcanam
1065 1278 1112 1337 dei
1126 1279 1310 1338 intuitionem
1321 1286 1424 1338 nactus

303 1397 363 1460 est,
387 1407 529 1448 summum
549 1398 579 1446 et
594 1389 846 1466 exoptatissimum
859 1390 1079 1448 Platonicorum
1099 1393 1222 1462 bonum,
1246 1390 1323 1467 quod
1342 1409 1425 1450 sexa·

301 1500 413 1578 gesimo
428 1507 530 1559 octavo
544 1500 650 1559 aetatis
665 1519 742 1558 anno
757 1500 785 1557 ei
800 1495 952 1579 contigit⁵

371 1682 380 1713 ¹
398 1679 535 1750 Porphyrii
552 1680 585 1732 ad
596 1681 747 1732 Marcellam
765 1696 876 1732 uxorem
891 1680 966 1749 epist.
984 1679 1034 1749 lpr.
1048 1680 1088 1734 ed.
1101 1679 1170 1749 Ang.
1185 1681 1272 1736 Maius
1284 1680 1426 1734 Mediolani

305 1764 378 1818 1816,
398 1764 437 1817 ch.
454 1763 478 1816 8.
500 1765 605 1835 repetiit
622 1765 657 1818 lo.
677 1764 754 1819 Cour.
774 1764 853 1817 Orelli
876 1782 936 1834 opp.
956 1763 1048 1820 Graec.
1070 1770 1132 1819 vett.
1156 1767 1307 1819 sententies.
1325 1773 1390 1821 tom.
1411 1768 1423 1820 l

301 1867 326 1918 p.
343 1848 393 1901 277
410 1849 480 1919 sqq.)
499 1865 554 1919 cap.
572 1850 594 1902 l.
629 1849 721 1902 Falsus
743 1851 824 1919 igitur
846 1850 982 1919 Ennapius
1005 1854 1059 1914 est,
1083 1850 1129 1919 qui
1145 1867 1171 1920 p.
1188 1850 1219 1902 18
1241 1850 1311 1920 (457.
1329 1851 1425 1920 3213.)

301 1935 416 2006 quinque
433 1935 572 1987 Marcellae
590 1935 686 1987 liberos
704 1935 787 1988 fuisse
806 1935 850 1988 ait

370 2019 465 2072 21bid.
479 2036 535 2089 cap.
548 2019 573 2074 3,

360 2104 455 2158 ³Ibid.
468 2121 524 2173 cap.
537 2104 565 2156 4:
589 2104 718 2169 Καλούσης
743 2103 769 2156 δὲ
792 2108 835 2170 τῆς
853 2106 902 2155 τῶν
916 2104 1045 2169 Ἑλλήνων
1063 2105 1146 2175 χρείας
1164 2105 1271 2156 καὶτῶν
1290 2106 1350 2157 θεῶν
1369 2125 1425 2158 συν-

300 2191 446 2259 επειγύντων
459 2189 557 2258 αὐτοῖς,
576 2189 706 2241 ὑπακούειν
725 2190 768 2259 μέν
782 2207 808 2240 σε
821 2189 940 2258 (Graecis
956 2191 1110 2243 vocantibus
1129 2192 1320 2261 obtemperaret
1338 2191 1424 2263 καίπερ

300 2270 375 2326 οὖσαν
399 2273 601 2344 προθυμοτάτην,
632 2275 692 2344 μετὰ
718 2275 839 2340 τοσαύτης
863 2272 1010 2336 ἀκολουθίας
1034 2276 1174 2345 θυγατέρων
1197 2274 1316 2329 ἀδύνατον
1338 2271 1367 2343 ἦν
1392 2318 1422 2329 ..

300 2360 383 2412 Μένειν
403 2359 429 2410 δὲ
447 2357 559 2410 ἐνταυθοῖ
577 2360 720 2430 βιαζόμενος
739 2361 804 2428 (non
821 2377 940 2425 manere,
962 2362 1012 2426 sed,
1029 2362 1198 2426 commorari,
1217 2364 1290 2415 utin
1307 2364 1423 2417 eiusdem
1516 2425 1519 2431 ,

300 2446 390 2514 capitis
408 2445 482 2497 initio
501 2444 616 2497 dixerat:
640 2446 838 2515 συγχωρούντων
856 2446 906 2496 τῶν
925 2443 1078 2515 πραγμάτοιν
1096 2446 1210 2497 έπιπλέον
1229 2447 1314 2499 αύτόθι
1332 2449 1423 2518 διατρί-

300 2530 359 2598 βειν)
379 2570 384 2581 .
405 2570 410 2581 ,
430 2528 530 2589 εἰκότως
554 2548 593 2581 σοι
616 2528 788 2599 παραινέσαιμ’
807 2531 835 2581 ἂν
859 2529 1009 2600 ἀντεχομένη
1034 2533 1084 2582 τῶν
1108 2531 1228 2583 δοθέντων
1251 2531 1276 2582 ἐν
1294 2536 1345 2593 τοῖς
1364 2534 1423 2584 δέκα

300 2615 385 2685 μησίν,
404 2607 439 2675 οἷς
458 2614 500 2684 μοί
518 2616 676 2684 συνῴκησας,
698 2613 732 2684 μὴ
750 2615 823 2683 πόθῳ
841 2614 882 2665 καὶ
901 2613 1015 2685 ἐπιθυμίᾳ
1031 2619 1075 2670 τοῦ
1093 2616 1205 2676 πλείονος
1224 2616 1264 2670 καὶ
1282 2617 1311 2667 rb
1329 2616 1357 2669 θν
1374 2618 1421 2685 ἤδη

299 2698 423 2769 ἐκβαλεῖν·
442 2699 541 2751 σπεύδω
560 2698 603 2770 μὲν
622 2699 668 2771 γὰρ
687 2698 715 2752 δν
734 2699 886 2770 θνρδύναμοιι
904 2702 970 2770 (scr.
985 2702 1110 2771 δύνωμαι)
1128 2704 1219 2771 τρόπον
1237 2700 1292 2769 την·
1303 2703 1422 2774 ταχίστην

299 2782 370 2837 πάλιν
384 2784 513 2853 ἀναλαβεῖν
532 2786 597 2855 (non
608 2786 723 2838 Athenas
741 2801 885 2851 arcessere,
904 2786 950 2839 sed
967 2786 1000 2839 ad
1018 2804 1046 2840 se
1064 2804 1191 2858 suamque
1206 2790 1422 2843 consuetudinem

298 2872 424 2940 recipere,
442 2872 459 2924 i.
474 2887 497 2925 e.
516 2871 636 2939 Romae).

365 2957 376 2988 4
394 2956 481 3009 Verba
497 2956 608 3025 Eunapii
630 2961 693 3009 sunt
709 2958 754 3011 rit.
765 2957 859 3027 Porph.
872 2964 938 3011 extr.
957 2988 990 2998 -
1006 2959 1182 3028 llieronymus
1200 2960 1306 3029 quidem
1322 2962 1350 3013 in
1361 2978 1421 3030 pro·
1483 2985 1491 2992 ·

299 3059 365 3096 oem.
384 3042 412 3093 in
429 3042 543 3111 primum
561 3043 807 3096 commentariorum
824 3042 966 3096 Ezechielis
985 3044 1020 3096 ad
1035 3044 1206 3097 Eustochium
1223 3052 1286 3098 tom.
1298 3046 1323 3097 4.
1341 3046 1379 3098 fol
1391 3046 1420 3099 ll

299 3127 338 3181 ed.
350 3126 432 3180 Basil.
452 3142 476 3180 a.
492 3126 570 3178 1516:
591 3128 798 3197 ,scorpiusquc“
820 3130 907 3198 inquit
926 3130 1012 3193 „inter
1030 3129 1189 3183 Enceladum
1207 3136 1233 3182 et
1250 3130 1421 3201 Porphyrium

298 3212 445 3264 Trinacriae
462 3210 542 3264 humo
554 3213 680 3281 premitur
694 3256 699 3267 .
714 3253 720 3265 .
734 3218 756 3265 .“
787 3214 868 3283 Atqui
884 3215 957 3266 nulla
968 3215 996 3267 in
1013 3214 1054 3267 his
1068 3216 1146 3268 rebus
1159 3216 1327 3285 scriptoribus
1340 3217 1421 3269 ceclo-

298 3298 350 3350 siae
367 3297 432 3349 fides
450 3302 501 3349 est:
520 3312 633 3366 namque
652 3299 684 3350 ab
702 3298 815 3351 Eusebio
835 3315 940 3368 quoque
957 3300 1019 3354 eccl.
1037 3299 1135 3354 histss.
1151 3300 1181 3352 19
1203 3299 1362 3369 Porphyrius
1381 3300 1421 3353 si-

299 3384 371 3435 culus
384 3387 503 3447 vocatur,
520 3383 593 3435 nulla
611 3384 663 3436 alia
675 3383 706 3436 de
718 3400 809 3449 cansa,
828 3401 908 3452 quam
921 3385 983 3452 quia
999 3384 1046 3437 illa
1057 3385 1085 3437 in
1099 3385 1186 3437 insula
1198 3384 1321 3453 degebat,
1340 3401 1420 3454 quum

299 3468 422 3520 adversus
441 3466 603 3521 Christianos
622 3470 754 3522 scriberet.

365 3553 445 3607 ⁵Vit.
464 3553 529 3607 Plot.
549 3552 593 3605 23:
618 3548 640 3623 ᾧ
664 3552 735 3622 (deci
760 3552 789 3620 δη
814 3553 853 3604 καί
874 3551 925 3622 ἐγὼ
949 3542 1087 3623 Πορρύριος
1110 3554 1174 3614 ἅπαξ
1197 3553 1263 3624 λέγω
1287 3554 1421 3620 πλησιάσαι

298 3637 337 3688 καί
355 3636 484 3703 ένωθῆναι,
502 3634 555 3698 ἔτος
574 3635 641 3707 ἄγων
654 3636 786 3703 ἑξηκοστὸν
805 3638 845 3689 καὶ
857 3634 957 3707 ὄγδοον.
987 3639 1057 3691 Dicit
1071 3640 1122 3704 ita,
1141 3644 1176 3691 ut·
1186 3645 1275 3709 pateat
1297 3658 1358 3694 eum
1374 3643 1420 3695 ali·

297 3728 394 3791 quanto
403 3724 466 3775 fiam
482 3723 555 3792 prius
568 3740 647 3793 quam
658 3725 834 3793 praeceptoris
847 3724 927 3777 vitam
940 3725 1077 3789 scriberet,
1095 3741 1194 3777 annum
1206 3726 1299 3779 aetatis
1312 3726 1356 3791 68,
1375 3729 1420 3797 qni

297 3807 345 3859 ‘299
364 3814 404 3860 est
420 3826 446 3878 p.
467 3807 525 3863 Chr.
544 3826 585 3873 n.,
604 3810 759 3877 explevisse.
795 3808 881 3872 Quum
898 3826 960 3863 rero
978 3827 994 3863 a
1011 3810 1093 3863 Suida
1115 3812 1148 3880 (s.
1166 3810 1308 3882 Porphyrio
1326 3811 1385 3865 373.
1403 3812 1420 3867 3

297 3891 417 3961 Bernhl,
437 3893 481 3961 qui
499 3909 532 3944 ex
550 3894 659 3963 integris
677 3894 789 3963 llunapii
807 3895 880 3947 libris
898 3894 997 3961 hausit,
1016 3895 1160 3965 παρατείνας
1179 3896 1224 3956 ἕως
1243 3896 1419 3963 Διοκλητιανοῦ

297 3980 339 4028 τοῦ
352 3976 479 4045 βασιλέως
497 3978 610 4043 dicatur,
634 3978 769 4049 Porphyrii
786 3984 898 4032 mortem
917 3996 986 4033 anno
1004 3980 1066 4045 305,
1087 3982 1161 4034 cuius
1180 3981 1300 4036 Calendis
1318 3984 1419 4036 Martiis

296 4062 473 4115 Diocletianus
491 4063 600 4133 imperio
619 4080 647 4116 se
665 4064 808 4129 abdicarit,
828 4066 1043 4135 quamproxime
1061 4066 1174 4123 admovi.
