3592 5400
352 619 408 664 vm
720 622 953 668 PROLBGOMBNA.

405 819 571 899 Σμικρός,
596 813 782 899 φαλακρός,
809 814 948 901 τραυλὸς
971 819 989 879 ό
1011 819 1250 902 Σταγειρίτης,

405 958 559 1034 Λάννος,
585 959 796 1039 προγάστωρ,
822 953 1010 1030 παλλακαῖς
1035 955 1255 1043 συνημμένος,

406 1093 667 1181 Ἀναλφάβητος
691 1095 799 1159 οὑτοσὶ
826 1101 1081 1181 οτιμομράφρος,

405 1230 565 1312 ”Ανονς,
590 1236 717 1318 ἄφρων,
743 1237 920 1318 ἄγροικος,
944 1232 1113 1319 αὐθάδης,
1138 1232 1248 1310 λάλος.

391 1471 477 1544 Quos
500 1493 649 1559 perperam
673 1493 766 1536 unum
786 1472 968 1558 epigramma
986 1471 1019 1536 in
1038 1470 1230 1537 Aristotelem
1251 1494 1322 1536 oon-

346 1612 472 1687 stitnere
490 1611 708 1676 existimarunt.
728 1609 909 1676 Inseribitnr
928 1609 1000 1676 haee
1020 1611 1082 1676 vita
1101 1612 1214 1677 Graece
1225 1612 1324 1694 Ἀρι-

348 1749 520 1826 οτοτὲλονς
539 1751 609 1841 βίος
631 1753 686 1814 καὶ
710 1755 947 1835 συγγράμματα
965 1749 1083 1829 αὐτοῦ,
1103 1750 1226 1828 Latine,
1238 1759 1320 1817 Αοο-

345 1893 430 1973 uymr'
452 1891 489 1954 de
512 1891 688 1956 Aristotelis
709 1868 891 1974 virentque
912 1891 1045 1975 seriptis.

392 2029 461 2095 Hac
492 2028 643 2116 vulgatior
673 2034 703 2093 et
726 2028 827 2094 notior
857 2034 904 2094 eat
934 2031 1047 2095 tertio:
1072 2030 1214 2115 (quaein
1239 2031 1324 2097 viter.

345 2167 519 2235 Aristotelis
548 2168 769 2233 enumeratione
798 2167 904 2233 ordine
933 2173 978 2233 est
1009 2168 1122 2256 altero)
1156 2169 1247 2257 vulgo
1278 2171 1323 2235 di-

345 2310 425 2374 eitur
447 2304 704 2392 Ἀριστοτέλους
728 2306 799 2392 βίος
823 2314 896 2370 κατ’
917 2307 1115 2390 Ἀμμώνιον
1138 2307 1235 2395 1).At
1255 2332 1324 2375 vero

344 2450 421 2516 hano
443 2447 597 2513 Ammonii
620 2469 729 2512 nomen
752 2469 816 2512 esse
837 2449 1014 2525 ementium,
1037 2446 1125 2512 hodie
1147 2469 1203 2513 neo

392 2590 593 2654 Grammatioi
616 2594 749 2664 certant,
772 2610 826 2653 οοο
842 2589 916 2673 jam
937 2589 991 2653 sub
1006 2587 1116 2673 judice
1140 2589 1180 2654 lu
1202 2596 1254 2654 eet.

387 2730 461 2794 Eam
473 2730 587 2816 primus
599 2728 728 2793 edidisse
739 2728 833 2793 fertur
844 2727 944 2792 Aldus
957 2729 982 2813 ²)
993 2750 1060 2793 oum
1073 2730 1227 2793 Ammonii
1239 2752 1320 2795 oom-

343 2868 487 2934 mentario
499 2868 532 2931 in
543 2865 716 2953 Cetegories
728 2887 807 2930 auno
821 2868 923 2938 1503:
938 2888 1004 2931 vere
1015 2866 1135 2951 quidem
1147 2868 1180 2931 in
1193 2873 1322 2947 tantum,

341 3008 422 3095 quod
446 3006 518 3072 haee
537 3006 615 3081 vita,
635 3004 826 3093 paucissimis
852 3004 950 3089 iisque
973 3005 1143 3092 perexiguis
1174 3008 1321 3094 exeeptis,

341 3148 428 3236 plane
458 3146 499 3211 sit
528 3145 602 3231 ipsis
634 3142 731 3209 verbis
761 3144 881 3221 eadem,
910 3165 986 3228 quae
1017 3148 1090 3207 κατ’
1122 3143 1321 3226 Ἀμμώνιον

343 3287 441 3365 diota3
465 3284 516 3350 sed
541 3272 690 3371 praefixus
713 3284 784 3369 βίος
808 3280 1067 3367 Ἀριστοτέλους
1090 3281 1321 3350 Commentariis

339 3424 493 3492 Ammonii
525 3424 558 3487 in
591 3422 765 3509 Oategorias
790 3421 965 3486 Aristotelis
990 3422 1080 3486 editis
1102 3422 1181 3509 apud
1207 3423 1321 3489 Aldnm

340 3563 429 3629 Pium
453 3561 628 3626 Manutium
660 3561 828 3625 Romanum
854 3560 993 3655 Venetiis
1020 3564 1104 3625 1503
1128 3560 1245 3626 nullum
1269 3562 1320 3626 ha·

340 3700 389 3768 bet
423 3701 553 3766 auctoris
588 3722 711 3778 nomen3
752 3698 823 3764 hine
861 3701 988 3765 fortasse
1022 3701 1214 3775 Nunnesius‚
1251 3722 1318 3765 eum

339 3839 514 3907 Aristotelis
534 3839 626 3905 vitam
647 3843 767 3904 anctore
778 3839 941 3905 Ammonio
961 3840 1074 3905 Graece
1090 3845 1120 3903 et
1140 3839 1248 3904 Latine
1260 3863 1320 3906 una

348 4073 517 4084 ...ῳ-...-

376 4228 397 4292 Ι)
416 4229 446 4277 In
470 4226 532 4277 notis
556 4226 585 4276 ad
611 4226 685 4287 hano,
710 4242 769 4290 quae
792 4242 856 4275 nuno
874 4225 977 4291 primum
995 4226 1082 4289 editur,
1100 4227 1184 4291 vitam,
1205 4228 1269 4278 illam
1284 4230 1317 4278 ei-

338 4348 414 4395 tanter
434 4344 568 4395 vocavimus
583 4359 634 4393 eam
652 4344 727 4393 Arist.
745 4341 818 4393 vitam
836 4343 1069 4395 Pseudo-Ammouii.

374 4463 397 4525 ²)
415 4461 470 4512 Vid.
489 4462 637 4510 Weatorman
656 4459 682 4510 in
699 4461 773 4526 praef.
792 4459 847 4510 edit.
866 4459 1006 4510 Parisiensis
1023 4475 1094 4525 snpra
1110 4459 1200 4512 allatae.
