3592 5400
395 469 436 535 42
786 482 883 535 error
897 492 942 536 ιιι.
965 491 1006 534 un
1021 492 1119 535 meurs

394 646 483 710 tio'nis
497 647 625 727 vinculo,
646 653 677 705 et
696 646 868 707 ooniunotao
886 653 957 706 sunt
976 645 1065 706 etiam
1083 665 1103 705 a
1115 634 1289 725 Porphyrio.
1318 647 1399 707 Nam
1412 649 1516 708 eodem

393 759 557 837 Philopono
577 766 653 818 teste
672 758 703 816 in
714 729 798 817 xlibro
818 759 910 816 altero
930 758 1077 835 exposuit,
1099 758 1169 818 deos
1188 778 1303 836 quoque
1318 779 1354 817 ex
1367 767 1516 820 astrorum

393 871 547 929 affectione
565 870 711 941 divinare,
737 888 832 946 neque
856 876 955 953 tamen
981 888 1098 947 semper
1118 889 1217 929 veram
1239 870 1515 948 interpretationem

392 990 491 1042 mente
504 983 631 1058 assequi
663 979 753 1055 (iuius
773 981 893 1039 deorum
913 981 1021 1040 erroris
1041 998 1159 1041 caueam
1178 980 1210 1038 in
1224 981 1310 1039 tertio
1329 981 1405 1042 libro
1420 983 1515 1061 expli-

393 1094 453 1154 oari
467 1093 565 1153 tradit.
586 1094 690 1169 Itaque
703 1092 757 1151 illa
770 1092 903 1169 quaestio
917 1092 1040 1150 alterum
1055 1093 1162 1152 librum
1177 1091 1362 1151 terminabat.

456 1196 576 1264 Tertius
591 1204 668 1263 libor
679 1203 777 1263 iniens
791 1203 940 1280 exposuit,
955 1198 1043 1280 qnam
1054 1203 1112 1262 vim
1123 1202 1155 1260 iu
1168 1202 1238 1262 deos
1250 1210 1359 1275 terrae,
1375 1206 1515 1282 adquam

392 1317 609 1386 devocarentur,
624 1314 752 1374 crassior
765 1321 871 1373 natura
885 1321 1046 1373 exerceret:
1061 1314 1104 1372 ita
1118 1331 1231 1372 errores
1246 1288 1364 1373 deorum
1381 1333 1417 1374 ao
1431 1336 1514 1375 men-

392 1427 478 1486 daoia
491 1426 605 1485 exoriri.
629 1417 769 1505 (Philop.)
796 1425 876 1483 Hine
888 1423 985 1485 facilis
999 1423 1057 1483 fuit
1070 1425 1213 1486 transitus
1228 1427 1264 1485 ed
1280 1425 1416 1498 numina,
1437 1446 1514 1505 quae

392 1537 424 1596 in
439 1545 517 1596 terra
531 1536 600 1595 olim
614 1536 831 1607 habitaverant,
848 1536 878 1594 id
892 1542 939 1595 ost
949 1536 987 1595 ad
997 1537 1116 1606 heroes,
1132 1554 1205 1612 quas
1217 1536 1410 1615 philosophus
1421 1540 1514 1597 homi·

392 1668 462 1707 num
476 1647 653 1724 sapientium
667 1646 710 1705 ait
724 1664 790 1706 esse
803 1646 927 1706 animas.
952 1644 1062 1706 Christi
1075 1665 1189 1723 quoque
1203 1649 1332 1706 animam
1345 1648 1378 1707 in
1392 1650 1514 1708 heroum

392 1778 512 1818 numero
526 1759 628 1817 refert:
649 1758 827 1817 asseclarum
845 1758 911 1816 eius
925 1757 1102 1834 imperitiam
1116 1765 1248 1829 aecusat,
1271 1759 1348 1836 quod
1363 1757 1514 1818 Christum

392 1892 446 1950 pro
468 1890 525 1930 nno
547 1871 601 1929 deo
623 1871 780 1941 haberent,
807 1869 983 1945 reliquorum
1005 1876 1102 1927 antem
1125 1870 1245 1928 deorum
1269 1871 1333 1928 loeo
1355 1870 1514 1930 daemones

392 1986 485 2044 bouoe
499 1982 651 2060 malosque
665 2000 779 2041 summa
793 1980 935 2058 religione
950 1979 1088 2038 oolereut.
1110 1979 1195 2039 Haeo
1208 1981 1412 2059 itadisposni,
1434 1982 1513 2058 quia,

392 2113 467 2173 quae
481 2095 518 2153 de
532 2092 740 2164 Christodiri,
755 2090 903 2151 Eusebius
918 2091 1176 2151 demonstrationis
1191 2110 1293 2172 evang.
1305 2093 1326 2151 l.
1340 2094 1368 2153 3.
1384 2093 1482 2170 eapite
1495 2095 1513 2153 6

296 2272 300 2277 ,
392 2224 429 2266 ex
441 2207 530 2265 tertio
544 2206 620 2264 libro
634 2205 730 2263 affert.

454 2317 558 2392 Itaque
578 2316 605 2375 si
624 2333 672 2374 res
694 2314 823 2393 potiores
843 2321 1010 2391 spectamus
1029 2314 1105 2373 liber
1123 2314 1235 2393 primus
1254 2315 1341 2387 deos,
1365 2316 1513 2376 secundus

391 2429 564 2499 daemones,
579 2427 684 2486 tertius
698 2426 803 2485 heroes
817 2426 985 2504 complexus
1000 2433 1060 2498 est3
1082 2426 1222 2485 mnndum
1240 2425 1369 2485 aetheria
1388 2426 1513 2503 primns,

390 2539 528 2599 mnndum
543 2538 621 2597 atris
636 2539 725 2609 alter,
745 2536 884 2596 mundum
899 2545 1067 2596 terrestrem
1082 2537 1212 2596 ultimus.
1240 2535 1360 2608 Restat,
1376 2544 1423 2609 ut,
1439 2556 1515 2614 qnae
1533 2596 1535 2601 ,

391 2650 508 2730 singula
519 2648 771 2711 commentationis
780 2647 892 2708 fuerint
903 2649 1014 2727 eapite,
1029 2647 1130 2707 tabula
1141 2648 1393 2727 eomprehendam.
1417 2648 1514 2726 Quam

329 2788 331 2792 >
390 2761 433 2819 ita
447 2762 613 2833 oonssoiarn,
628 2770 674 2831 ut,
690 2761 740 2819 ubi
751 2761 816 2819 fieri
830 2761 940 2838 possit,
955 2760 1029 2838 ipsis
1041 2759 1197 2837 Porphyrii
1210 2760 1360 2819 vocabulis
1372 2767 1449 2832 utar,
1463 2762 1515 2820 ubi

391 2872 454 2932 fieri
468 2891 526 2930 non
541 2872 648 2953 possit,
664 2871 794 2943 Latinis,
812 2879 844 2931 et
855 2879 889 2929 ut
902 2879 1001 2949 partes
1016 2870 1183 2948 deperditas
1199 2870 1282 2930 nneis
1297 2871 1456 2934 includam.

767 3129 886 3220 Βιβλίοι
902 3124 938 3197 α’.
960 3125 1036 3221 Περὶ
1051 3126 1134 3194 θεῶν.
1150 3168 1156 3179 ·

454 3319 625 3411 Προοίμιον.

454 3430 529 3523 Περὶ
544 3433 702 3517 εὐσεβείας.

456 3542 530 3633 Περὶ
545 3541 700 3633 θρησκείας
716 3539 798 3606 θεῶν.

436 3638 440 3644 ’
455 3652 530 3745 Περὶ
543 3654 696 3729 πολιτείας
715 3651 798 3718 θεῶν.

455 3760 579 3829 Οἷστισι
593 3766 735 3854 χαίρουσι.

445 3873 530 3963 ’Περὶ
545 3874 742 3964 ἀγαλμάτων.

454 3982 557 4059 Πυίοις
572 3984 703 4074 σχήμασι
718 3966 879 4073 perimeret.

456 4094 570 4175 [Ποίοις
585 4084 767 4185 διατρίβουσι
777 4095 902 4175 τόποις]

454 4205 530 4295 Περὶ
546 4203 652 4269 θυσιῶν
668 4210 696 4286 []
900 4214 902 4217 ’

455 4322 569 4399 Quibus
585 4324 687 4400 diebus
703 4324 819 4403 singula
832 4323 954 4380 numina
974 4322 1136 4380 invocanda
1154 4322 1215 4381 sint
1234 4320 1277 4396 [et
1291 4320 1327 4381 dx
1341 4320 1429 4396 ποίας
1441 4320 1513 4412 ἠμέ-

519 4452 569 4517 ρας
585 4417 634 4491 δεῖ
646 4425 865 4516 ἑκτρέπεσθαι].

456 4545 539 4622 Quae
554 4553 657 4624 gentes
673 4564 769 4603 rerum
784 4544 947 4603 divinarum
963 4544 1023 4603 sint
1037 4544 1243 4621 peritissimae.
