3592 5400
818 546 909 589 bunun
930 547 973 589 ln.

761 1108 936 1181 LIBER
960 1110 1032 1182 ΠΙ.

400 1487 583 1565 Philoponus
598 1486 633 1545 dc
647 1487 748 1544 mnndi
762 1493 851 1546 creat·
867 1489 897 1546 4.
916 1487 955 1545 20
969 1493 1037 1563 post
1051 1488 1140 1546 verba
1154 1480 1352 1570 παρατίθεται
1366 1482 1456 1574 λύγια

336 1601 421 1658 modo
436 1599 529 1657 allata
542 1598 651 1676 pergit:
674 1589 754 1655 Εἶτα
768 1593 819 1654 καὶ
832 1592 888 1662 τάν
903 1592 1001 1654 αἰτίαν
1015 1601 1070 1655 τοῦ
1085 1583 1246 1679 ψεύδεσθαι
1260 1594 1369 1670 αὐτοὺς
1383 1618 1457 1683 μαν-

335 1703 515 1793 τευομένους
528 1707 560 1766 έν
574 1712 619 1780 τῷ
633 1703 725 1790 τρίτῳ
738 1700 897 1791 παρέθετο.
920 1703 1019 1790 παρά1
1038 1703 1097 1793 γάρ
1111 1704 1167 1774 τὴν
1182 1703 1312 1793 ἀμαθίαν
1326 1715 1387 1769 τῶν
1401 1728 1457 1768 κα-

335 1813 485 1892 λούντων,
505 1814 589 1901 φησί,
612 1804 783 1902 βιαζόμενοι
799 1812 847 1876 ύπ
861 1817 962 1876 αὐτῶν
983 1818 1010 1875 οἱ
1026 1810 1087 1876 θεοὶ
1105 1814 1187 1900 παρά
1208 1826 1312 1903 μοῖραν
1332 1805 1383 1878 tn
1401 1816 1457 1887 τὴν

338 1927 403 2009 βίαν
418 1933 479 1987 τῶν
495 1922 673 2013 έπανάγκων
689 1921 812 1998 ἄκοντες
827 1922 925 2014 λέγειν
939 1947 970 1987 τι
984 1932 1045 1987 τῶν
1057 1923 1250 2014 ἠγνοημένων
1262 1929 1364 2000 αὐτοῖς
1376 1947 1457 1989 συνε-

336 2034 523 2099 λαύνονταιθ.
539 2032 700 2098 κάντεῦθεν
712 2024 809 2120 ψευδῆ
819 2035 860 2097 τά
872 2045 1001 2123 μαντεῖα
1012 2032 1152 2125 γίνεσθαι
1165 2033 1312 2111 πολλάκις
1324 2024 1365 2114 δέ,
1378 2037 1457 2123 φησί,

338 2148 388 2210 καὶ
403 2145 479 2210 αύτθ
494 2154 587 2209 τοῦτο
601 2144 795 2234 προλέγουσιν
810 2145 857 2208 ὅτι
873 2141 1040 2233 ψεύσονται

400 2264 483 2321 Idem
503 2264 533 2319 in
552 2261 668 2320 brevius
689 2263 833 2320 contraxit
853 2263 962 2321 Euseb.
979 2283 1023 2339 pr.
1040 2282 1082 2322 ον.
1101 2263 1129 2321 θ.
1146 2263 1209 2321 5.2
1231 2282 1259 2339 p.
1278 2263 1335 2322 241
1351 2281 1375 2322 c.
1391 2262 1456 2341 ing.

337 2375 386 2449 qui
406 2382 475 2451 post
492 2374 582 2432 verba
601 2367 649 2430 ὅτι
668 2368 719 2430 καὶ
738 2357 898 2452 ψεύδονται
918 2369 984 2457 περὶ
1003 2371 1125 2431 πολλῶν
1141 2365 1337 2456 ἐρωτηθέντες
1356 2394 1383 2450 p.
1398 2370 1457 2432 145

337 2485 429 2543 allata
442 2485 552 2563 pergit:

406 2586 509 2648 Τούτοις
526 2581 593 2647 αὖθις
610 2584 727 2656 ἐπιλέγει·

400 2681 464 2746 Καὶ
478 2683 514 2747 τύ
530 2682 666 2772 περιέχον
681 2673 852 2773 ἀναγκάζον
867 2672 964 2769 ψευδῆ
978 2680 1110 2773 γίνεσθαι
1124 2683 1165 2747 τά
1181 2694 1324 2773 μαντεῖα,
1340 2686 1374 2747 ού
1389 2683 1459 2759 τοὺς

336 2795 488 2883 παρέντας
503 2794 626 2869 ἑκόντας
640 2792 830 2882 προστιθέναι
844 2794 881 2857 τὰ
896 2784 1011 2879 ψεῦδος.
1032 2794 1179 2871 πολλάκις
1189 2794 1279 2884 γοῦν3
1294 2794 1458 2885 προλέγου-

338 2930 381 2969 σιν
405 2905 453 2967 ὅτι
473 2901 643 2990 ψεύσονται·
664 2909 691 2968 οἱ
712 2896 745 2968 δὲ
765 2904 902 2993 μένουσι4
923 2907 974 2968 καὶ
993 2903 1092 2995 λέγειν
1112 2898 1315 2997 ἀναγκάζουσι
1335 2896 1386 2969 διά
1402 2906 1459 2977 τάν

337 3013 469 3105 ἀμαθίαν
476 3014 495 3077 ⁵.
511 3012 576 3080 εἷπε
591 3024 664 3106 γοῦν
680 3014 861 3080 ὁἈπύλλων
876 3016 965 3098 ποτέ,
980 3015 1122 3094 τοιαύτης
1137 3018 1225 3093 οὔσης
1237 3029 1293 3094 τῆς
1304 3015 1459 3082 καταστά-
1485 3033 1499 3071 ³

337 3150 426 3205 σεως,
443 3130 483 3201 ὡς
496 3116 667 3215 ἐδείξαμεν,
681 3136 811 3215 πονηρᾶς
825 3137 880 3191 τοῦ
894 3126 1083 3217 περιέχοντος
1091 3128 1110 3191 ⁶.

370 3244 443 3302 300.
465 3241 548 3300 κλεῒε
564 3237 629 3319 βίον
644 3237 752 3327 κάρτος
766 3261 801 3302 τε
815 3238 928 3324 λύγων·
943 3227 1115 3328 ψευθηγύρα
1130 3231 1216 3313 λέξω.

407 3476 415 3508 ¹
437 3473 476 3525 διὰ
492 3475 589 3527 rectius
606 3475 744 3528 Eusebius.
797 3475 1031 3544 ⁹Compelluntur.
1083 3467 1155 3523 3οὖν
1173 3473 1192 3524 Ι.
1245 3471 1374 3540 *λέγουσι
1388 3473 1441 3525 OG.

406 3560 418 3591 ⁵
436 3560 505 3611 Dicit
514 3558 685 3629 Porphyrius:
704 3561 740 3612 dii
752 3577 806 3613 non
817 3561 885 3612 ultro
897 3560 1066 3621 mentiuntur,
1084 3556 1202 3609 sedtum
1220 3557 1336 3621 demum,
1355 3558 1458 3626 qnando

337 3645 383 3697 air
401 3645 503 3713 spissus
522 3651 561 3697 est
578 3661 674 3714 caque,
692 3661 760 3715 quae
778 3646 856 3698 deum
874 3644 1018 3713 excipiant,
1037 3644 1152 3712 impura,
1173 3643 1261 3711 itaque
1278 3641 1348 3695 haud
1364 3643 1459 3694 idonea

336 3731 369 3782 ad
387 3747 487 3783 numen
505 3731 623 3783 divinum
641 3735 667 3783 et
683 3732 819 3784 veritatem
836 3730 950 3783 ferenda„
985 3728 1058 3791 Quae
1076 3728 1160 3781 sicubi
1182 3728 1220 3780 ita
1241 3744 1270 3779 se
1291 3726 1400 3791 habent,
1423 3728 1459 3779 dii

336 3817 390 3886 ipsi
401 3816 524 3869 distincte
536 3816 667 3868 interdum
678 3817 844 3885 praedicunt,
862 3832 890 3867 se
903 3815 971 3867 falsa
983 3830 1042 3865 esse
1053 3814 1212 3883 prolaturos,
1231 3829 1282 3882 quo
1296 3813 1365 3866 facto
1377 3830 1459 3882 quum

336 3901 459 3953 homines
481 3902 611 3970 supplices
634 3899 669 3970 (oi
687 3901 724 3969 δέ)
742 3902 862 3972 precibus
886 3900 1011 3952 desistere
1034 3898 1157 3963 debeant,
1179 3898 1349 3951 nihilominus
1371 3905 1460 3952 tamen

338 3986 472 4038 dementia
489 3987 559 4056 capti
577 3986 638 4038 deos
657 3987 815 4038 carminibus
834 3990 861 4038 et
875 3986 975 4037 artibus
987 3984 1099 4053 magicis
1111 3984 1145 4037 ad
1157 3984 1344 4037 divinationem
1355 3990 1460 4055 cogant,

336 4072 376 4123 illi
392 4088 435 4123 res
451 4071 532 4123 falsas
550 4072 733 4124 vaticinantur.

408 4156 419 4190 ⁶
437 4155 527 4226 Pergit
536 4155 707 4226 Philoponus:
726 4149 811 4206 Εἶπεν
829 4159 888 4224 γοῦν
902 4152 915 4205 ὁ
928 4152 1061 4206 Ἀπόλλων
1078 4154 1139 4208 ποτὲ
1156 4159 1198 4222 τῆς
1215 4153 1398 4227 περιστάσεως
1415 4159 1459 4206 τοῦ

338 4240 496 4311 περιέχοντος
518 4244 626 4311 πονηρᾶς
648 4240 734 4309 οὔσης,
758 4238 791 4301 ὡς
813 4238 947 4309 ἐδείξαμεν,
972 4240 1024 4309 (καί
1046 4240 1106 4291 αὐτο
1129 4240 1177 4311 γὰρ
1199 4246 1273 4292 τοῦτο
1296 4241 1324 4292 τὸ
1342 4240 1420 4308 λέγειν
1437 4257 1460 4289 τι

337 4330 389 4378 τῶν
408 4324 532 4396 ἐσομένων
550 4328 565 4393 ἢ
584 4324 670 4377 εἰδέναι
688 4326 776 4386 αὐτούς
795 4323 821 4376 ἐκ
838 4329 880 4392 τῆς
900 4328 975 4397 φορᾶς
994 4328 1043 4377 τῶν
1062 4322 1159 4395 ἄστρων
1177 4322 1295 4394 ἔχουσιν)
1317 4322 1342 4375 έν
1360 4323 1459 4392 τοιαύτῃ

339 4407 383 4463 οὖν
400 4415 498 4482 πονηρᾷ
515 4409 672 4481 περιστάσει
690 4416 734 4463 τοῦ
752 4410 907 4481 περιέχοντος
923 4409 996 4462 εἰπεῖν
1009 4428 1032 4462 τι
1044 4411 1185 4479 βιαζόμενος
1198 4408 1211 4459 ὁ
1224 4407 1357 4460 Ἀπόλλων
1370 4408 1459 4479 εἴρηκε·

339 4497 393 4548 λύε
412 4496 473 4566 (sic)
492 4497 545 4565 βίην
563 4496 724 4567 ψευδήγορα
741 4496 813 4557 λέξω.
848 4496 894 4547 Καὶ
912 4493 988 4556 ἄλλος
1007 4496 1036 4547 δέ
1051 4514 1099 4564 τις,
1123 4495 1194 4562 φησί,
1219 4493 1313 4559 κληθεὶς
1332 4496 1381 4545 τῶν
1400 4494 1460 4544 θεῶν

339 4578 399 4649 ἔφη’
419 4582 525 4651 σήμερον
544 4612 577 4621 -
595 4580 735 4646 πεπέδηται.
