3592 5400
487 620 528 682 48
920 639 1028 685 acran.

483 827 582 894 αὐτὸν
607 828 783 915 βασιλεῦσι.
815 828 881 896 Ma.
905 830 1012 895 Versio
1036 831 1073 896 V.
1097 830 1133 896 L.
1159 832 1258 898 ναιιίίο
1280 839 1382 897 actem
1403 855 1457 917 po-

484 971 546 1034 tuit
570 992 634 1035 cam
658 970 784 1054 recidas.
808 968 894 1042 Quae
917 970 1033 1036 Graece
1052 971 1126 1036 verti
1144 969 1250 1035 πολλὰ
1269 973 1329 1052 μὲν
1354 968 1466 1035 dect.

482 1134 578 1191 μενος
602 1112 691 1194 παρὰ
716 1115 783 1184 τοῖς
808 1116 881 1174 κατ’
906 1108 1006 1175 αὐτὸν
1031 1109 1207 1196 βασιλεῦσι.

526 1433 603 1514 Ibid.
638 1434 707 1499 Irin.
740 1437 772 1501 7:
800 1443 840 1518 τῇ
872 1433 906 1498 δὲ
937 1434 1071 1517 δυνάμει
1104 1400 1457 1520 ὀρ....“φιλοσοφίας

483 1577 690 1657 χρησάμενος.
721 1573 829 1639 versio
862 1575 902 1640 V.
933 1575 970 1639 Ιι.
999 1576 1166 1661 plurimum
1195 1585 1296 1642 ουίονι
1318 1597 1392 1642 caua
1414 1582 1460 1640 cat

481 1735 594 1797 οιφουο
627 1713 850 1798 philosophiae.
885 1712 990 1786 Quam
1024 1736 1114 1801 snpra
1148 1737 1202 1801 pro
1236 1714 1312 1780 male
1346 1715 1460 1802 scripto
1546 1717 1550 1724 ’

480 1848 677 1933 φιλοσοφίας
710 1851 930 1917 restituerimus
961 1850 1131 1936 βασιλείας
1164 1858 1195 1918 et
1217 1852 1316 1917 eadem
1342 1853 1460 1940 saepius

481 1988 527 2054 bis
551 1989 629 2077 apud
652 1995 788 2056 nostrum
813 1995 986 2067 occurrant,
1009 1995 1040 2056 et
1063 2013 1148 2078 saepe
1170 1992 1315 2057 nonnulla
1339 1991 1459 2056 excide-

479 2129 559 2206 rint,
582 2135 617 2195 nt
638 2134 719 2216 patet
739 2152 775 2195 cx
796 2130 1015 2216 comparatione
1034 2130 1191 2196 Versionis
1212 2130 1250 2195 V.
1270 2130 1316 2208 L.,
1335 2131 1460 2195 fortasse

479 2273 510 2333 et
533 2268 591 2333 hoc
613 2267 680 2333 loco
702 2267 803 2333 eadem
826 2269 973 2334 sententia
996 2270 1107 2357 scripta
1124 2270 1215 2335 faerit
1236 2276 1276 2353 τῇ
1296 2268 1331 2333 δὲ
1353 2268 1457 2334 δυνά-

479 2433 531 2490 μει
555 2406 685 2492 ὀργάνῳ
704 2410 782 2493 πρὸς
807 2406 968 2501 εὐποιίαν
982 2413 1189 2494 χρησάμενος.
1210 2410 1250 2474 In
1269 2411 1335 2497 ipsc
1357 2414 1458 2475 tamen

479 2553 565 2615 texta
587 2547 664 2613 nibil
688 2553 801 2614 mutare
823 2570 889 2613 sum
913 2571 1020 2628 ansus,
1042 2571 1136 2635 quum
1159 2549 1261 2628 verba,
1284 2555 1319 2616 nt
1341 2572 1372 2614 se
1403 2549 1454 2614 ha·

480 2686 564 2766 bent,
587 2687 770 2755 tolerabilem
797 2689 923 2755 reddant
948 2713 1086 2769 sensnm,
1109 2713 1185 2776 qnae
1208 2713 1254 2756 res
1276 2712 1383 2778 supra,
1403 2688 1455 2755 ubi

480 2849 534 2915 pro
557 2826 750 2911 φιλοσοφίας
773 2829 854 2894 alind
878 2851 987 2895 nomen
1010 2829 1172 2909 substitui,
1192 2853 1253 2896 non
1275 2835 1344 2897 erat.

525 3155 602 3222 lbid.
626 3156 696 3221 In'n.
722 3160 772 3222 10.
797 3158 831 3223 ἐν
856 3165 901 3242 τῷ
927 3160 1000 3243 περὶ
1025 3157 1174 3243 οὐρανοῦ.
1199 3157 1283 3224 Alibi
1308 3160 1342 3224 ἐν
1367 3167 1408 3243 τῇ
1426 3164 1457 3225 et

481 3316 600 3361 rursum
635 3294 670 3361 ἐν
703 3301 772 3371 τοῖς
803 3297 871 3362 vide
902 3320 990 3385 supra
1020 3320 1089 3385 pag.
1115 3302 1143 3363 6.
1167 3298 1219 3363 lin.
1244 3301 1294 3363 18.
1317 3297 1457 3365 Ceterum

482 3433 517 3500 de
540 3435 666 3521 planetis
695 3436 796 3502 locum
827 3437 859 3501 in
889 3437 1052 3503 Aristotele
1074 3437 1230 3524 indagare,
1255 3444 1307 3503 aut
1329 3460 1366 3502 ex
1389 3460 1457 3525 pro-

482 3572 573 3639 babili
597 3575 767 3661 conjectnra
785 3576 902 3642 hiatum
920 3576 1055 3663 supplere
1075 3598 1137 3641 non
1157 3575 1253 3642 licuit.
1278 3576 1347 3641 Hoc
1359 3546 1476 3643 solnm·

483 3712 569 3779 video
600 3677 746 3780 excidisse
778 3718 844 3780 τῶν
870 3717 1027 3800 σφαιρῶν.
1052 3714 1153 3781 Malla
1174 3715 1255 3781 enim
1277 3716 1456 3782 Aristoteles

481 3858 511 3919 et
533 3855 565 3919 in
585 3852 661 3919 libro
685 3856 766 3946 περὶ,
783 3854 922 3940 οὐρανοῦ
946 3860 976 3921 et
995 3856 1028 3919 in
1047 3854 1085 3920 iis
1107 3856 1179 3939 περὶ
1201 3860 1337 3937 φυσικῆς
1356 3854 1456 3941 οἰκρο-

480 3996 579 4067 accae
601 3992 762 4081 diligenter
781 3995 902 4082 scripsit
923 3996 1081 4080 περὶτῶν
1103 3991 1343 4060 ἀνελιττουσῶν
1358 4017 1456 4078 σφαι-

482 4136 561 4216 ρῶν,
586 4155 677 4218 quum
702 4133 738 4198 de
760 4133 944 4222 planetarum
967 4139 1051 4200 motu
1075 4139 1182 4221 ageret.

525 4448 603 4515 Ibid.
622 4449 690 4516 Irin.
712 4454 761 4516 15.
782 4451 820 4515 In
839 4449 905 4515 MS.
929 4475 953 4513 π
967 4501 974 4515 .
989 4502 996 4515 .
1011 4500 1040 4517 ..
1062 4457 1152 4533 dact.
1176 4450 1254 4516 Dedi
1266 4451 1453 4536 προτίθησι.
