3592 5400
831 536 922 578 mana
942 537 974 577 11.
1400 513 1459 576 185

336 699 425 755 homo
439 695 588 753 omculum
603 712 661 751 non
676 693 759 750 fec-it:
780 692 806 750 is
826 691 906 749 enim
919 710 972 768 pro
987 683 1077 771 σοφός
1091 689 1196 748 saltem
1212 680 1278 757 θεός
1292 689 1415 748 dixisset
1430 697 1460 748 et

336 807 368 866 in
384 805 513 864 iudicum
527 804 704 862 dementiam
719 811 798 861 esset
812 803 953 860 insectus.

405 919 586 992 „Propterea
599 915 733 974 Milesius
748 914 854 990 Apollo
876 913 1042 982 consultus,
1063 920 1198 970 ntmmne
1221 905 1252 990 (i.
1268 930 1294 971 e.
1311 904 1459 990 Christus)

337 1031 411 1087 deus
426 1047 465 1084 an
480 1028 566 1085 homo
580 1027 682 1097 luerit,
699 1028 754 1085 hoc
768 1024 853 1084 modo
868 1024 1033 1100 respondit:

374 1139 448 1199 322.
472 1129 578 1206 θνητος
593 1137 644 1202 ἔην
659 1131 740 1195 κατὰ
755 1129 865 1218 σάρκα,
882 1129 972 1216 σορὸς
985 1117 1184 1216 τερατώδεσιν
1199 1133 1308 1218 ἔργοις,

468 1242 535 1306 ἀλλ’
547 1243 604 1306 ὑπὸ
619 1230 799 1305 Χοιλδσιίοισι
815 1231 1051 1304 Sarmatam
1066 1239 1206 1318 ἁλωκώς,

468 1350 637 1443 γομροιθεὶς
652 1352 831 1416 σκολόπεσσι
845 1351 952 1439 πικρὴν
967 1349 1117 1422 ἀνέπλησε
1132 1349 1284 1419 τελευτήν.

340 1462 379 1530 ἑὴν
398 1469 425 1516 et
444 1461 509 1514 ἀλλὰ
525 1462 614 1515 Sedul
643 1462 711 1514 Tum
723 1463 803 1530 vulgo
820 1461 868 1512 inb
880 1459 1012 1513 Χιλδαιων
1025 1461 1114 1530 κριτῶν
1126 1457 1213 1518 ὅπλοις
1225 1456 1381 1519 mesimbria
1409 1459 1461 1512 Sed

341 1560 405 1627 Reg.
427 1570 785 1627 xaaarorcrarxarcnoaracm
804 1553 904 1614 ἁλώσας
926 1555 982 1609 ie.
1004 1552 1132 1606 Χαλαίοισι
1150 1552 1357 1622 δικαιοπολιοισιν,
1379 1553 1461 1606 Sedu·

340 1653 389 1705 lius
407 1649 539 1711 Χαλδαίοις
557 1648 738 1701 etiamtiam
763 1647 874 1708 οἰλωκώς.
911 1646 1068 1700 Fritzschius
1092 1664 1127 1700 ex
1150 1647 1223 1700 codd.
1246 1647 1326 1700 edidit
1350 1652 1379 1699 ut
1401 1663 1460 1716 ego,

342 1747 390 1797 nisi
402 1743 473 1814 quod
486 1741 584 1802 ἁλώσας
596 1743 704 1812 recepit,
724 1743 793 1811 quod
805 1743 926 1795 Strurius
939 1759 998 1811 opp.
1014 1742 1036 1795 l.
1052 1740 1100 1793 152
1112 1745 1212 1805 tuetur,
1230 1747 1361 1794 annotans
1375 1746 1461 1811 poste·

341 1841 421 1891 riores
439 1839 577 1907 scriptores
596 1837 684 1889 multis
703 1837 806 1888 aoristis
824 1836 915 1905 primis
934 1834 1007 1887 abuti
1024 1851 1071 1904 pro
1084 1834 1213 1886 secundis.
1244 1835 1363 1887 llledetur
1373 1840 1461 1888 tamen

341 1933 440 1986 formae
461 1931 594 1984 inauditae
615 1930 744 1983 Sedulius.
779 1929 930 1999 Eodemque
951 1928 1066 1998 perfecto
1084 1927 1157 1980 Pind.
1175 1928 1257 1980 utitur
1274 1927 1350 1996 Pyth.
1369 1930 1393 1982 3.
1414 1929 1463 1981 100

342 2027 384 2094 (bl
393 2024 529 2094 Boeckb).
542 2023 694 2076 Ἀλίσκεοθαι
703 2024 812 2077 verbum
821 2024 948 2076 sollemne
958 2023 989 2074 de
998 2022 1114 2075 iudicum
1123 2022 1347 2076 condemnatione.
1362 2022 1459 2092 Captus

341 2123 388 2174 sub
408 2119 547 2173 Chaldaeis
565 2120 706 2189 (notiorem
723 2123 826 2188 gentem
846 2134 893 2187 pro
911 2117 1036 2169 Hebraeis
1054 2117 1151 2169 accolis
1173 2116 1265 2185 dixit),
1289 2133 1380 2169 eorum
1403 2134 1462 2170 sen·

340 2216 421 2267 tentia
439 2218 466 2265 et
482 2214 577 2266 iudicio
597 2255 623 2268 ..
642 2213 762 2265 Strurius
781 2212 848 2266 coni.
866 2211 916 2264 hoc
933 2212 1021 2281 ipsum
1039 2209 1247 2278 disserebatur,
1266 2216 1293 2263 et
1309 2210 1385 2272 δίκαις
1403 2229 1462 2289 σριο·

339 2307 429 2385 λισιῖσιν
448 2313 474 2360 et
490 2306 625 2359 Χαλδαίοιο
643 2305 804 2358 bizantion.
823 2337 856 2345 -
874 2306 958 2369 Quem
975 2305 1026 2358 duo
1044 2305 1125 2358 dativi
1142 2305 1309 2370 offenderint,
1326 2306 1349 2357 is
1367 2306 1462 2376 poterit

339 2401 504 2454 Χαλδαϊκαΐσι
521 2402 633 2454 scribere
652 2406 697 2453 aut
713 2400 873 2469 Χαλδαίαισι,
891 2405 922 2453 ut
939 2401 990 2452 alia
1008 2417 1111 2471 quoque
1127 2400 1284 2470 populorum
1295 2401 1403 2455 nomina
1414 2418 1460 2471 pro

339 2497 475 2549 adiectivis
493 2500 661 2565 usurpantur.

406 2590 497 2659 Pergit
512 2589 676 2659 Augustinus
695 2592 717 2656 ξ.
730 2589 759 2641 4:
778 2587 829 2640 Sed
846 2588 900 2640 iam
918 2603 1010 2640 causas
1028 2588 1110 2658 ipsius
1128 2588 1264 2642 audiamus
1282 2588 1389 2640 erroris:

406 2688 534 2768 „Sunt,“
551 2690 660 2767 inquit,
679 2691 818 2769 „spiritus
833 2691 943 2749 terreni
957 2691 1069 2749 minimi
1086 2692 1149 2749 loco
1160 2691 1303 2767 quodam,
1319 2690 1462 2749 malorum

342 2806 534 2880 „daemonum
549 2803 689 2881 potestati
703 2803 835 2861 subiecti.
863 2803 910 2862 Ab
925 2802 971 2861 his
987 2796 1136 2878 sapientes
1151 2802 1366 2873 Hebraeorum,
1390 2822 1462 2878 quo-

342 2937 425 2992 „rum
440 2934 516 2974 unus
532 2915 588 2973 iste
602 2914 690 2972 etiam
705 2915 789 2972 Iesus
803 2914 873 2985 fuit,
889 2915 965 2973 sicut
981 2912 1089 2973 audisti
1100 2914 1198 2973 divina
1208 2914 1372 2991 Apollinis,
1387 2935 1462 2991 quae

342 3026 496 3104 „superius
511 3026 685 3097 dictasunt,
705 3027 794 3084 -ab
816 3025 862 3085 his
882 3045 951 3105 ergo
965 3025 1093 3084 Hebraei
1114 3027 1304 3085 daemonibus
1324 3027 1462 3104 pessimis

343 3148 392 3214 „et
406 3137 567 3195 minoribns
582 3135 734 3213 spiritibus
750 3131 904 3194 vetabant¹
924 3138 1078 3215 religiosos
1098 3146 1127 3195 et
1147 3139 1221 3214 ipsis
1243 3156 1345 3196 vacare
1365 3139 1462 3214 prohi-

343 3251 484 3324 „bebant3
501 3247 629 3305 venerari
645 3254 742 3305 autem
757 3248 849 3326 magis
866 3249 1006 3306 coelestes
1022 3249 1107 3318 deos,
1123 3249 1248 3324 amplius
1263 3255 1361 3305 autern
1375 3268 1462 3308 vene·

344 3360 421 3435 „rari
436 3360 521 3417 deum
536 3366 658 3435 patrem.
687 3358 752 3417 Hoc
767 3355 897 3428 autem,“
915 3358 1026 3432 inquit,
1050 3365 1098 3432 „et
1113 3359 1152 3415 dii
1168 3359 1365 3433 praecipiunt,
1387 3365 1416 3415 et
1431 3360 1462 3416 in
1535 3419 1536 3422 ,

344 3469 561 3547 „superioribus
574 3468 765 3540 ostendimus,
774 3469 1014 3547 quemadmodum
1027 3468 1154 3525 animum
1166 3469 1315 3526 advertere
1327 3470 1363 3526 ad
1374 3469 1461 3528 deum

344 3587 482 3656 „monent
496 3588 525 3637 et
539 3581 622 3638 illum
638 3581 732 3638 colere
748 3581 855 3656 ubique
870 3580 1023 3655 imperant.
1047 3579 1155 3637 Verum
1175 3578 1284 3637 indocti
1305 3587 1334 3637 et
1353 3580 1461 3657 impiae

345 3684 510 3765 ποοοιιιοοῖ,
527 3692 631 3766 quibus
646 3710 713 3749 vere
727 3690 818 3749 fatum
834 3711 892 3750 non
908 3691 1054 3750 concessit
1068 3710 1087 3749 a
1101 3690 1157 3749 diis
1172 3691 1248 3748 dona
1262 3691 1395 3749 obtinere
1411 3707 1461 3749 ne·

346 3821 419 3878 „que
434 3803 541 3861 habere
556 3802 634 3860 Iovis
649 3802 821 3861 immortalis
844 3794 1020 3872 notionem³,
1042 3821 1099 3859 non
1120 3801 1272 3859 audientes
1293 3808 1322 3858 ct
1342 3803 1411 3861 deos
1433 3811 1463 3861 et

346 3914 477 3989 „divinos
492 3913 584 3983 viros,
607 3910 676 3991 deos
693 3913 808 3988 quidem
824 3926 924 3972 omnes
939 3919 1159 3983 recusaverunt,
1180 3912 1343 3991 prohibitos
1366 3919 1462 3972 autem

347 4024 519 4100 „daemones
535 4030 565 4081 et
578 4016 722 4082 hos4'non
735 4024 847 4094 odisse,
864 4025 915 4083 sed
927 4022 1066 4082 revereri:
1082 4024 1167 4082 deum
1181 4032 1277 4083 autem
1289 4025 1462 4084 simulantes

411 4241 421 4273 1
440 4238 528 4293 Verba
548 4237 721 4308 prohibebant
742 4244 768 4290 et
789 4239 914 4291 vetabant
936 4244 1105 4309 transponere
1128 4240 1230 4304 malim,
1257 4244 1286 4291 ut
1308 4238 1408 4290 dicatur
1429 4237 1461 4289 ab

291 4327 293 4332 '
343 4323 382 4378 his
419 4324 582 4378 rohibebant.

400 4343 423 4443 Pl
443 4384 549 4462 Graece·
559 4410 684 4461 articulus
703 4413 758 4460 erat
776 4409 900 4462 adiectus.

412 4494 423 4527 ³
440 4492 599 4563 Porphyrius
617 4493 704 4571 verbis
722 4494 820 4547 oraculi
836 4495 925 4547 utitur.

412 4580 424 4612 ⁴
441 4578 490 4634 Pro
509 4585 539 4634 et
555 4578 611 4635 hos
629 4578 738 4633 verbum
755 4584 936 4651 exspectatur,
954 4580 1024 4650 quod
1040 4578 1183 4633 infinitivus
1201 4582 1282 4649 regat.
1318 4578 1386 4634 Olim
1405 4579 1461 4634 ede·
