3592 5400
832 543 924 586 nsua
944 545 964 586 1.

532 699 600 758 115.
646 692 751 762 οιίόλιι1
766 714 801 754 τε
817 693 896 766 κλεὶς
912 695 987 779 ὁμοῦ

645 803 696 866 καὶ
709 803 746 866 τδ
764 792 914 890 δαιμόνων
929 800 1052 889 κράτος,

408 922 419 954 ⁶
443 917 583 990 ἀρφικράτα
600 919 646 980 θείς
658 921 693 983 A,
711 917 771 988 ἀμφὶ
789 919 867 988 aprica
882 937 904 971 s.
922 921 1000 987 κρᾶτα
1012 918 1057 978 θείς
1074 920 1129 972 rell.
1153 920 1240 988 Vulgo
1258 936 1311 971 uon
1329 920 1458 988 interpun-

341 1007 410 1076 gitur
426 1010 487 1074 post
503 1006 613 1075 κρατῶν,
630 1009 756 1074 punctum
776 1005 863 1056 minus
884 1005 990 1073 ponitur
1006 1009 1066 1072 post
1084 1003 1139 1064 θείς.
1171 1003 1201 1055 Si
1223 1003 1256 1055 ad
1276 1004 1458 1072 praecedentia

341 1107 430 1144 versus
443 1091 595 1159 pertineret,
608 1089 775 1141 scribendum
787 1094 855 1140 esset
867 1094 913 1141 aut
925 1085 1010 1157 ἀρρίςε
1030 1089 1124 1157 anguis
1137 1092 1218 1156 caput
1235 1087 1346 1140 reddens
1364 1089 1458 1139 circum

340 1175 454 1244 undique
467 1175 593 1236 terribile3
607 1173 675 1241 quod
686 1174 825 1225 obscurum
835 1179 915 1235 esset3
925 1178 971 1224 aut
979 1170 1041 1242 ἀμφὶ
1052 1173 1120 1241 κρᾶτ’
1132 1169 1205 1239 distr,
1216 1173 1285 1224 circa
1298 1178 1381 1241 caput
1389 1173 1458 1225 terri-

340 1261 391 1313 bile
403 1264 500 1311 tortus:
518 1257 566 1311 hoc
584 1258 653 1310 idem
670 1263 739 1309 esset
757 1274 787 1309 ac
800 1255 954 1324 περισταλής.
980 1256 1064 1319 Quare
1077 1258 1175 1309 conieci
1187 1257 1253 1325 δρῦς.
1281 1258 1321 1309 lta
1335 1258 1368 1309 ab
1381 1255 1458 1325 Soph.

340 1343 476 1396 rhizotom.
489 1343 519 1395 tr.
532 1343 583 1395 502
595 1343 672 1396 Dind.
686 1359 726 1411 ap.
737 1340 791 1395 sch.
802 1341 886 1410 Apoll.
896 1340 978 1394 Rhod.
989 1341 1013 1394 3.
1026 1341 1090 1393 1214
1102 1341 1153 1408 (ed.
1162 1340 1239 1407 Keil.)
1257 1342 1357 1394 Hecate
1369 1341 1459 1393 dicitur

342 1426 547 1497 στεφανωσαμένη
567 1427 635 1495 δρυσ1
654 1426 693 1477 acl
712 1425 834 1484 πλείσταις
853 1424 930 1495 ὠμῶν
949 1424 1068 1495 σπε1ραισι
1086 1425 1241 1494 δρακόντων,
1263 1432 1289 1479 et
1307 1426 1458 1494 Apollonius

342 1514 360 1567 l.
372 1529 465 1566 corum.
484 1512 532 1563 ait:
556 1509 623 1578 πέριξ
641 1510 670 1561 δέ
686 1529 725 1579 μιν
744 1510 880 1578 (Hecaten)
899 1507 1066 1578 ἐστεφάνωντο
1089 1509 1236 1578 σμερδαλέοι
1258 1506 1378 1580 δρυδιοισι
1403 1510 1460 1578 μετὰ

343 1595 469 1664 πτόρθοισι
492 1580 628 1664 δράκοντες.
670 1593 784 1657 Quercus
806 1611 853 1664 pro
875 1611 949 1646 ramo
972 1594 1115 1662 frondeque
1137 1600 1163 1645 et
1186 1610 1202 1645 a
1224 1591 1304 1662 Soph.
1330 1594 1424 1647 dicitur
1443 1597 1458 1647 l.

343 1696 437 1732 comm.
462 1685 488 1731 et
510 1680 537 1731 in
555 1678 636 1730 Behlr.
660 1679 748 1730 anecd.
767 1696 793 1747 p.
807 1678 870 1746 212,
894 1680 940 1731 ubi
958 1680 1016 1748 δρῦν
1036 1678 1113 1749 φέρειν
1131 1678 1170 1730 διὰ
1189 1682 1230 1744 τῆς
1248 1676 1342 1747 ἀγορᾶς
1366 1680 1459 1732 liberti·

313 1801 315 1805 ·
343 1780 437 1817 uorum
453 1765 480 1815 in
498 1763 687 1815 Panathenaeis
707 1763 822 1817 officium
839 1763 922 1815 fuisse
940 1763 1057 1816 traditur.

412 1851 420 1882 ¹
441 1845 486 1913 51η
505 1848 558 1901 AH.
584 1847 670 1900 Clanis
688 1848 792 1916 fulgens
810 1848 927 1901 metallo.
962 1847 1048 1900 Possit
1066 1848 1146 1900 clavis
1169 1848 1201 1899 ad
1224 1849 1352 1916 mysteria
1375 1849 1460 1902 referri

344 1935 385 2002 (ut
402 1932 510 1985 Cabirus
528 1934 633 1985 nomine
652 1933 775 2002 inscripto
795 1950 855 1984 cum
872 1933 939 1984 clavi
958 1938 983 1983 et
1000 1933 1095 1985 malleo
1117 1933 1145 1984 in
1167 1949 1276 1985 nummo
1295 1932 1459 1985 Thessaloni·

343 2018 461 2071 censium
483 2033 523 2086 ap.
547 2017 691 2086 Seguinum
715 2035 787 2071 num.
806 2019 851 2071 sel.
870 2034 895 2086 p.
908 2017 965 2084 16),
987 2017 1048 2085 quia
1068 2016 1254 2069 initiandorum
1279 2018 1318 2069 ori
1341 2018 1459 2071 admove·

342 2103 419 2155 batur
442 2108 471 2155 ut
493 2103 569 2172 quasi
591 2102 664 2154 labra
687 2103 869 2154 clauderentur
892 2100 964 2170 (sch.
989 2101 1069 2170 Soph.
1094 2101 1124 2154 Ο.
1149 2100 1204 2154 Gol.
1225 2101 1311 2170 1051).
1347 2101 1460 2155 Fuerunt

343 2193 430 2240 autem
451 2188 563 2240 Hecatae
585 2187 710 2254 mysteria
733 2188 761 2238 in
783 2186 968 2239 Samothracae
991 2202 1071 2255 specu
1094 2185 1235 2254 Zerynthio
1258 2186 1404 2256 (Lycophr.
1422 2187 1459 2240 77.

343 2271 396 2326 sch.
410 2272 488 2323 Arist.
500 2287 558 2340 pac.
572 2270 646 2338 277),
664 2272 692 2323 iu
708 2271 810 2340 Aegina
827 2272 913 2323 insula
931 2270 1005 2338 [Lob.
1018 2271 1077 2339 Agl.
1090 2269 1164 2338 2421,
1186 2271 1298 2323 fortasse
1315 2272 1346 2324 iu
1363 2272 1458 2324 Lemno

344 2356 416 2424 (Agl.
427 2354 511 2423 1214).
552 2355 587 2406 At
609 2355 753 2423 simplicius
777 2361 818 2407 est
840 2355 916 2407 deam
940 2354 1085 2424 κλειδοῦχον
1108 2360 1213 2423 putare,
1237 2356 1299 2425 quia
1322 2356 1459 2409 ianuarum

345 2446 432 2492 custos
455 2439 546 2504 fuerit,
570 2444 599 2491 ut
620 2439 697 2491 modo
720 2440 841 2492 vidimus.
882 2441 923 2492 Ita
945 2441 1063 2492 Minerva
1086 2440 1186 2492 clavem
1209 2441 1332 2508 gestabat
1354 2440 1459 2494 Athenis

345 2526 432 2595 (Arist.
451 2523 554 2577 Thesm.
570 2523 646 2588 1142,
667 2524 733 2577 Plin.
747 2543 772 2578 n.
786 2524 811 2576 h.
824 2524 864 2578 34.
879 2524 903 2576 8.
919 2525 961 2592 191
984 2530 1011 2577 et
1032 2525 1132 2593 Dymae
1151 2523 1276 2593 (Euphor.
1289 2525 1322 2577 fr.
1332 2525 1366 2578 68
1378 2543 1403 2594 p.
1416 2525 1460 2579 131

343 2611 443 2679 Mein).
478 2610 593 2662 Hecaten
612 2611 691 2662 clavis
710 2625 739 2662 eo
757 2611 843 2679 magis
862 2610 981 2674 decebat,
1003 2611 1166 2679 quodetiam
1186 2608 1246 2661 Orci
1263 2608 1371 2678 ἐμπυλίη
1389 2616 1460 2680 puta·

342 2693 526 2765 batur‘10rph.
541 2694 629 2764 hymn.
645 2696 666 2747 1.
680 2694 721 2763 6),
740 2695 803 2748 item
820 2700 850 2748 ut
867 2695 913 2747 alii
924 2695 960 2747 dii
970 2694 1060 2759 inferi,
1077 2695 1153 2747 Pluto
1165 2693 1385 2765 Proserpinaque,
1403 2713 1460 2749 cum

343 2780 411 2833 clavi
435 2781 620 2849 sculpebantur
645 2780 733 2849 (Paus.
753 2780 778 2834 5.
796 2780 836 2832 20.
858 2781 880 2834 1.
899 2780 1018 2849 Apollod.
1036 2780 1060 2832 3.
1081 2779 1119 2832 12.
1138 2779 1173 2847 6).
1208 2780 1356 2833 Posteriore
1379 2786 1460 2835 aetate

343 2864 423 2917 clavis
446 2865 591 2932 potentiam
614 2866 721 2917 omnino
746 2864 926 2933 significabat,
955 2869 985 2917 ut
1011 2867 1040 2917 in
1063 2880 1175 2934 maguae
1197 2866 1289 2917 matris
1316 2866 1460 2933 simulacris

344 2948 429 3018 (Serv.
443 2949 475 2999 ad
486 2950 551 3001 Aen.
568 2949 606 3001 10.
620 2948 694 3016 2521;
713 2949 871 3002 omniafere
888 2950 998 3001 numina
1010 2949 1127 3019 Orpheus
1144 2951 1172 3002 in
1189 2950 1294 3018 hymnis
1306 2957 1384 3004 vocat
1401 2950 1461 3003 κλει-

345 3032 438 3102 δοῦχα,
462 3032 575 3084 Hecaten
591 3034 611 3084 1.
625 3032 652 3084 6:
676 3032 767 3092 παντδς
789 3035 884 3103 κόσμου
908 3033 1053 3104 κλειδοῦχον
1076 3031 1192 3085 ἄνασσαν.
1219 3035 1337 3088 ¹Olorem
1358 3038 1462 3090 tenebat

343 3116 440 3170 Hecate
462 3117 507 3169 illa
529 3116 699 3187 Epipyrgidia
717 3118 918 3171 Atheniensibus
941 3120 1043 3188 sculpta
1066 3120 1098 3171 ab
1119 3120 1273 3184 Alcamene,
1296 3122 1342 3190 qui
1363 3122 1461 3191 primus

343 3201 472 3270 triplicem
484 3202 546 3253 deae
564 3208 685 3255 naturam
703 3203 785 3256 tribus
804 3204 955 3273 corporibus
973 3204 1083 3271 integris
1098 3204 1228 3273 expressit
1240 3204 1329 3273 (Paus.
1339 3205 1364 3258 2.
1374 3205 1415 3260 30.
1426 3206 1460 3274 21.

343 3286 426 3339 liuius
450 3287 582 3340 simulacri
609 3288 752 3357 imaginem
779 3288 891 3342 reddunt
917 3294 1005 3341 statua
1027 3288 1112 3340 Musei
1136 3289 1276 3357 Capitolini
1304 3305 1387 3343 aenea
1410 3292 1460 3360 (ap.

343 3371 474 3424 Milliuum
491 3372 598 3426 tab.12.
615 3372 691 3439 123⁸)
713 3378 765 3425 tres
788 3374 849 3425 deas
873 3373 1041 3425 cothurnatos
1064 3372 1254 3443 complectens,
1278 3390 1392 3443 quarum
1413 3376 1462 3428 alia

343 3461 415 3514 terret
436 3456 552 3526 gladium
576 3457 721 3510 cultrumve
745 3463 772 3510 et
793 3474 921 3527 anguem,
944 3459 996 3509 alia
1018 3458 1118 3510 clavem
1141 3463 1168 3509 et
1189 3457 1294 3525 funem,
1323 3460 1377 3512 alia
1399 3461 1461 3513 duas

343 3540 426 3605 iaces;
444 3546 500 3594 tum
518 3547 620 3595 statuae
638 3544 724 3595 Musei
743 3542 1008 3618 Claramontan'btap.
1020 3542 1136 3594 Viscont.
1148 3542 1184 3594 IV
1195 3558 1267 3593 num.
1279 3542 1325 3595 181
1339 3562 1366 3614 p.
1379 3546 1412 3599 49
1424 3546 1461 3598 ed.

343 3625 418 3679 Rom.
438 3642 461 3679 a.
479 3626 554 3695 1840)
578 3634 604 3678 et
625 3629 701 3679 villae
723 3627 884 3680 Albanorum
908 3626 1072 3696 (Bunsenius
1096 3628 1151 3681 rell.
1175 3627 1255 3680 descr.
1279 3627 1381 3682 Romae
1397 3629 1460 3683 ll.2

343 3727 368 3780 p.
384 3709 446 3776 558)
470 3716 496 3762 et
517 3710 610 3764 domus
633 3716 846 3764 conservatorum
868 3712 1013 3775 Romanae,
1042 3713 1102 3765 albo
1126 3728 1255 3764 marmore
1277 3711 1356 3769 iacta.
1397 3716 1461 3767 'l'uru

343 3809 458 3847 marmor
475 3794 587 3847 Salonas
605 3802 748 3865 repertum,
772 3796 840 3865 quod
858 3813 927 3848 nunc
944 3796 1116 3849 vindobonae
1134 3802 1186 3860 est,
1207 3796 1258 3848 tria
1281 3797 1391 3867 corp'ora
1407 3816 1461 3852 mu·

343 3878 437 3930 lierum
454 3880 573 3947 praebet,
595 3896 706 3949 quarum
729 3882 811 3933 altera
828 3896 956 3949 anguem,
980 3881 1062 3933 altera
1084 3882 1197 3934 cultrum
1214 3885 1299 3944 tenet3
1323 3882 1461 3936 delineavit

344 3967 404 4032 post
427 3963 493 4014 alios
512 3964 541 4017 0.
559 3963 665 4016 Iahnius
683 3966 711 4017 in
728 3972 778 4019 act.
797 3965 876 4017 Acad.
895 3965 994 4019 Saxon.
1018 3965 1158 4018 a.18551.
1176 3964 1213 4028 ll,
1237 3966 1365 4034 explicuit
1381 3986 1407 4039 p.
1421 3968 1460 4021 81.

343 4047 374 4101 lu
392 4063 500 4099 nummo
517 4046 631 4116 Philippi
642 4049 706 4118 Imp.
719 4065 760 4118 ap.
774 4049 921 4118 Seguinum
933 4051 979 4102 sel.
991 4067 1063 4105 num.
1077 4068 1103 4121 p.
1117 4049 1165 4102 180
1181 4055 1234 4101 tres
1253 4051 1378 4105 mulieres
1395 4058 1460 4115 sunt,

345 4147 456 4203 quarum
478 4133 564 4200 capita
580 4132 673 4184 modiis
692 4138 752 4185 sunt
770 4140 874 4197 oruata;
896 4135 948 4187 alia
970 4135 1035 4187 duas
1052 4135 1124 4187 iaces
1147 4140 1230 4198 tenet,
1252 4135 1305 4187 alia
1327 4136 1461 4207 flagellum

345 4222 371 4271 et
388 4217 520 4287 gladium,
543 4216 594 4269 alia
618 4218 715 4269 clavem
739 4224 765 4270 et
783 4233 906 4286 anguem.
940 4219 981 4271 Ad
997 4220 1076 4289 pedes
1095 4220 1225 4288 utrimque
1243 4221 1325 4273 canis.
1343 4253 1378 4263 -
1394 4223 1460 4275 luter

345 4308 445 4355 statuas
468 4303 565 4355 oraculi
589 4306 615 4354 et
637 4303 722 4354 Musei
745 4302 884 4371 Capitolini
905 4303 1032 4372 imprimis
1056 4310 1130 4358 tauta
1150 4305 1288 4357 intercedit
1311 4306 1458 4368 similitudo.

345 4392 445 4439 utnon
463 4388 580 4439 dubitem
597 4387 661 4456 quin
677 4391 770 4456 poetae
789 4388 875 4439 animo
888 4388 1036 4441 Alcamenis
1055 4406 1120 4458 opus
1139 4390 1306 4443 obversatum
1323 4391 1367 4446 sit.
1397 4390 1459 4443 lllud

344 4486 428 4523 uuum
445 4470 541 4536 differt,
560 4470 629 4541 quod
646 4488 693 4540 pro
711 4470 816 4540 flagello
834 4474 933 4527 oraculi
945 4474 1113 4526 simulacrum
1124 4476 1210 4527 Musei
1222 4474 1364 4544 Capitolini
1380 4481 1458 4529 restes

345 4556 463 4627 praebet:
482 4560 508 4611 at
525 4556 572 4608 has
590 4556 660 4629 ipsas
678 4561 760 4609 restes
778 4555 913 4628 flagellum
930 4564 1019 4611 censet
1036 4560 1152 4613 Millinus
1169 4560 1182 4611 1
1198 4576 1224 4631 p.
1237 4558 1294 4611 142.
