3592 5400
403 462 444 526 80
678 483 774 527 emur
790 485 817 525 v.
840 485 882 527 nu
898 485 1102 529 onleuncaun
1116 487 1238 529 nurum.

239 677 243 685 ·
353 709 356 715 Ι
401 637 566 696 Lobeckius
585 643 682 695 autem
700 638 767 714 Agl.
789 638 849 695 852
871 645 932 695 not.
952 639 1135 697 taeterrimos
1157 639 1214 696 duo
1234 640 1419 699 hexametros
1438 643 1519 717 poesi

402 765 501 805 sacrae
523 746 611 804 animi
634 764 722 805 causa
741 747 888 823 supponit.
918 749 958 805 At
979 748 1193 806 consideremus
1216 746 1409 807 Oenomaum.
1439 750 1470 810 Is
1490 751 1519 809 in

400 850 518 939 γοήτων
534 861 620 939 propr}
634 876 680 933 ap.
696 858 805 915 Euseb.
820 875 922 933 praep.
939 877 982 916 ev.
1000 858 1028 916 5.
1046 858 1085 916 20
1099 858 1296 917 Aristomachi
1317 861 1464 918 oraculum
1479 862 1520 918 ita

400 966 502 1024 tradit:

602 1046 684 1115 νίκην
700 1068 745 1108 σοι
761 1046 894 1131 φαίνουσι
910 1043 972 1108 θεοὶ
987 1035 1023 1108 δι’
1038 1035 1121 1109 ὁδοῖο
1141 1046 1314 1136 στενύγρων.

399 1154 462 1219 Καὶ
484 1154 534 1236 σύ,
556 1161 598 1218 ait
619 1162 656 1218 ad
675 1161 855 1237 Apollinem,
880 1161 964 1241 ἔφης·
984 1153 1034 1218 Οὐ
1056 1156 1137 1218 κατὰ
1159 1166 1216 1245 γῆν
1238 1157 1319 1245 λέγω
1344 1160 1519 1249 στενογρνίν,

400 1265 480 1328 ἀλλὰ
495 1265 576 1328 κατὰ
589 1265 645 1336 τὴν
661 1263 878 1354 εὐρυγάστορα,
892 1305 930 1314 -
943 1254 1046 1335 ἐπειδη
1061 1266 1194 1352 χαλεπὸν
1208 1260 1244 1337 ἦν
1260 1273 1353 1331 εἰπεῖν
1368 1270 1451 1332 κατὰ
1465 1271 1519 1340 τὴν

400 1373 560 1439 θάλασσαν.
587 1381 666 1438 Hinc
684 1381 809 1456 primum
829 1388 965 1457 apparet,
985 1380 1016 1436 in
1031 1399 1116 1438 versu
1131 1382 1315 1440 scribendum
1334 1403 1402 1442 esse
1417 1402 1517 1442 στενυ-

398 1495 484 1574 γρῆς,
499 1499 565 1556 tum,
576 1510 611 1548 ex
624 1490 815 1567 Apollodoro,
840 1510 897 1548 non
911 1491 1056 1568 integrum
1072 1492 1218 1549 oraculum
1233 1512 1252 1549 a
1266 1492 1376 1569 Cynico
1392 1514 1460 1555 esse
1474 1515 1518 1553 re-

399 1607 522 1677 ceptum.
547 1599 632 1674 Quod
647 1600 688 1656 ita
704 1600 833 1676 suppleri
848 1608 959 1677 potest,
975 1608 1007 1657 nt
1021 1601 1102 1677 prior
1115 1620 1216 1661 versus
1232 1604 1286 1661 sit:

552 1707 579 1766 εἰ’
592 1726 639 1782 κε,
656 1703 773 1793 σπέρμα
787 1703 869 1782 Διύς,
887 1703 1000 1790 κάρπον
1014 1705 1154 1792 τρίτατον
1168 1708 1342 1795 περιμείνῃς

461 1821 614 1880 Postremo
629 1839 717 1895 quum
733 1819 901 1878 Oenomaus
916 1821 982 1896 ipsa
996 1821 1058 1892 dei,
1079 1839 1153 1896 quae
1167 1822 1348 1893 ferebantur,
1369 1827 1461 1884 verba
1474 1846 1517 1884 re·

397 1937 496 2007 petere
511 1931 617 2002 soleat,
632 1930 779 2006 posterius
795 1932 955 2000 oraculum,
977 1931 1130 1990 dummodo
1145 1933 1323 2008 temporibus
1342 1935 1410 1993 istis
1426 1955 1516 1994 remo-

397 2040 519 2099 tissimis
535 2040 608 2099 fides
623 2040 676 2111 sit,
697 2047 780 2116 patet
799 2060 887 2117 prosa
901 2041 1032 2099 oratione
1047 2060 1113 2099 esse
1133 2042 1284 2113 traditum,
1305 2023 1376 2102 item
1396 2054 1430 2103 ut
1443 2047 1516 2105 victo

398 2149 506 2209 Croeso
517 2151 626 2226 Pythia
639 2151 789 2225 antiquam
804 2170 888 2209 suam
900 2151 1135 2209 vaticinationem
1149 2171 1237 2229 prosa
1249 2153 1379 2212 oratione
1392 2157 1516 2233 explicat

396 2280 443 2336 ap.
459 2260 638 2319 Herodotum
656 2263 682 2318 1.
700 2262 749 2319 91.
1345 2262 1347 2266 ⁴

934 2346 981 2404 17.

459 2480 505 2539 Ne
519 2480 592 2538 illud
607 2481 722 2556 quidem
735 2481 880 2538 oraculum
892 2480 1044 2556 Pythium,
1061 2502 1116 2558 quo
1128 2483 1353 2571 Lacedaemonii
1366 2480 1515 2569 ὀριοβύροι

395 2592 572 2650 vocabantur
587 2583 676 2668 (Plut.
694 2592 729 2649 de
744 2591 851 2667 Pythia
866 2610 929 2668 cap.
943 2591 982 2649 24
997 2611 1027 2667 p.
1040 2594 1101 2651 406
1113 2586 1152 2670 e),
1167 2594 1343 2652 hexametris
1359 2597 1514 2671 procedere

394 2710 523 2778 poterat,
540 2702 591 2761 sed
607 2710 658 2759 aut
672 2703 777 2761 iambis
792 2711 843 2761 aut
857 2702 988 2761 oratione
1003 2703 1107 2763 soluta.

820 2905 856 2970 B·
893 2907 1083 2967 Trochaei.

940 3047 966 3101 l.

457 3177 503 3238 Ad
517 3178 668 3236 trochaeos
684 3178 904 3237 transeuntibus
915 3197 1015 3238 rursus
1030 3179 1214 3238 manifestum
1230 3180 1336 3238 erroris
1348 3182 1511 3259 exemplum

393 3289 477 3347 nobis
493 3288 627 3347 occurrit.
649 3290 758 3346 Zenob.
769 3308 849 3365 prov.
864 3289 892 3347 5.
907 3282 961 3348 4²8:
977 3277 1082 3358 οὗτος
1097 3281 1209 3359 ἄλλος
1224 3281 1388 3371 Ἠρακλῆ
1394 3312 1415 3361 ς.
1432 3286 1511 3371 (Dio-

392 3400 507 3476 genian.
527 3402 553 3457 1.
572 3399 609 3457 63
632 3407 661 3456 et
675 3400 812 3471 Eustpth.
834 3398 871 3457 ad
885 3400 921 3457 Il.
939 3400 967 3458 5.
986 3401 1045 3458 638
1066 3391 1158 3468 ἄλλος
1178 3387 1264 3468 οὗτος
1279 3391 1336 3479 Ἠ.)
1357 3394 1511 3485 Κλέαρχος

392 3495 588 3592 ἐξηγούμενος
607 3503 662 3575 τὴν
681 3504 840 3592 παροιμίαν
860 3504 931 3590 ρησὶ
950 3552 978 3565 ..
998 3503 1052 3566 τὸν
1067 3501 1173 3591 Τύριον
1189 3500 1340 3591 Ἠρακλέα
1359 3504 1459 3569 ἐλθεῖν
1474 3511 1512 3580 εἰς

391 3611 526 3701 Δελφοὺς
550 3613 730 3702 χρησόμενον
755 3623 800 3695 τῷ
827 3614 971 3702 μαντείῳ·
995 3613 1050 3677 ’τὸν
1076 3602 1109 3676 δὲ
1135 3611 1203 3677 θεὸν
1224 3626 1394 3701 προσειπεῖν
1420 3617 1511 3679 αὐτὸν

392 3720 485 3785 ἄλλον
500 3720 666 3810 Ἡρακλέα·
681 3724 732 3786 καὶ
747 3722 826 3786 ούτω
841 3724 897 3794 τὴν
912 3724 1071 3813 παροιμίαν
1085 3733 1240 3811 κρατῆσαι.
1269 3731 1310 3789 At
1323 3725 1510 3790 vetustiorem

391 3838 511 3895 formam
527 3839 690 3897 Pausanias
706 3839 833 3897 servavit
849 3842 897 3898 10.
917 3841 965 3897 13.
982 3842 1016 3898 4ι

543 3939 635 4016 ἄλλος
650 3940 693 4027 ἄρ’
709 3940 873 4031 Ἠρακλέης
887 3941 1054 4031 Τιρύνθιος,
1070 3944 1135 4032 οὐχὶ
1150 3940 1320 4027 Κανωβεύς.

935 4145 963 4203 2.

453 4280 487 4338 In
508 4278 566 4339 alio
590 4281 704 4338 oraculo
727 4279 918 4337 Menandrum
942 4280 1195 4356 deprehendimus.
1232 4280 1379 4339 Zenobins
1404 4284 1432 4340 6.
1458 4285 1508 4341 15:

390 4381 519 4447 Ταῦτά
540 4409 595 4448 σοι
615 4387 676 4447 καὶ
694 4381 814 4447 Πύθια
835 4384 894 4446 καὶ
909 4380 1026 4453 Δήλια
1047 4385 1102 4469 (sic
1117 4392 1203 4449 etiam
1218 4389 1395 4467 Diogeuian.
1413 4395 1442 4451 8.
1460 4394 1508 4451 35.

388 4501 521 4576 Apostol.
538 4502 590 4572 15,
604 4503 633 4560 9.
650 4502 702 4571 16,
719 4503 754 4560 17
768 4494 812 4580 ο)ι
835 4499 853 4567 ἡ
874 4496 1018 4583 παροιμία
1038 4498 1153 4583 είρηται
1172 4495 1300 4558 ἐπὶτῶν
1320 4494 1440 4558 ύστατα
1460 4498 1509 4559 καὶ
