3592 5400
721 1537 1073 1672 ramulum.

337 1991 502 2088 Quomodo
522 2041 612 2100 saepe
631 2025 663 2081 in
685 2042 775 2083 scena
793 2023 925 2083 videmus
941 2023 1020 2084 viros
1039 2025 1158 2104 ingenio
1172 2026 1359 2104 moribusque
1380 2026 1458 2085 haud

336 2135 499 2194 mediocres
519 2154 581 2193 rem
600 2135 744 2212 aliquam,
764 2154 851 2213 quarn
871 2135 930 2195 sibi
948 2143 1048 2194 mente
1066 2137 1205 2196 finxerint
1223 2138 1378 2196 honestam
1392 2154 1459 2196 esse
1542 2156 1546 2165 ¹

337 2253 366 2304 et
380 2246 542 2325 egregiam,
564 2265 676 2305 summo
696 2265 784 2324 opere
803 2255 833 2306 et
850 2246 947 2306 studio
962 2247 1101 2325 amplecti
1114 2256 1203 2326 atque
1217 2249 1330 2320 fovere,
1350 2256 1457 2320 tamen,

337 2377 425 2435 quum
442 2356 606 2416 necessitas
624 2365 713 2434 atque
732 2358 813 2436 leges
828 2358 945 2418 divinae
960 2359 1092 2430 obstent,
1114 2377 1209 2436 neque
1227 2359 1258 2417 id
1280 2353 1459 2436 consequan-

338 2478 385 2527 tur
404 2469 483 2546 qucd
502 2467 710 2545 appetiverint,
733 2487 829 2545 neque
848 2466 907 2545 ipsi
921 2482 1039 2548 gravem
1053 2469 1168 2548 fugiant
1183 2469 1311 2540 ruinam,
1335 2457 1390 2549 ὀψὲ
1403 2463 1459 2534 τὴν

339 2564 422 2645 δίκην
444 2570 570 2661 ὁρῶντες
576 2622 584 2653 ,
603 2586 637 2636 ut
658 2580 700 2638 ait
715 2577 890 2657 Sophocles:
910 2580 954 2637 ita
967 2579 1063 2637 ultimi
1082 2579 1171 2638 etiam
1192 2587 1321 2638 veterum
1340 2579 1460 2637 deorum

337 2691 454 2769 patroni
468 2691 597 2750 moribus
613 2691 687 2751 casti
702 2697 732 2749 et
746 2690 920 2768 incorrupti,
940 2690 1090 2751 laboribus
1106 2690 1260 2762 indefessi,
1282 2690 1415 2750 veritatis
1430 2688 1460 2749 et

339 2803 501 2881 sapientiae
523 2803 630 2862 sinceri
652 2810 844 2874 scrutatores,
871 2801 978 2880 impari
1004 2801 1037 2860 in
1059 2800 1172 2862 Christi
1193 2802 1355 2862 doctrinam
1381 2803 1459 2861 bello

340 2905 475 2992 suscepto
489 2914 600 2973 frustra
613 2913 708 2972 moliti
722 2921 792 2972 sunt
806 2914 962 2990 pristinam
976 2920 1107 2986 noctem,
1122 2914 1256 2992 quamvis
1267 2914 1352 2991 quasi
1364 2913 1459 2975 stellis

339 3026 438 3085 multis
458 3032 488 3083 et
507 3026 677 3084 ardentibus
696 3025 888 3097 illustratam,
915 3043 1008 3083 novae
1029 3025 1088 3084 luci
1109 3024 1268 3085 offundere.
1312 3024 1459 3083 Platonici

339 3125 526 3214 praesertim,
545 3136 718 3196 Ammonius
735 3134 859 3207 Saccas,
879 3135 1031 3207 Plotinus,
1051 3136 1249 3213 Porphyrius,
1269 3136 1457 3207 lamblichus,

339 3249 402 3321 alii,
420 3247 542 3325 Sisyphi
557 3247 665 3319 instar,
681 3247 729 3325 qui
1084 3260 1188 3321 ,uersat

526 3366 638 3415 ,saxum
655 3350 752 3403 sudans
769 3349 889 3415 nitendo,
907 3364 993 3419 noque
1009 3348 1115 3420 prolicit
1130 3348 1243 3414 hilum,“

339 3470 420 3529 irrito
435 3470 487 3528 illo
501 3470 603 3529 labore
617 3469 847 3540 contendebant,
869 3486 1045 3545 quamquam
1061 3466 1151 3525 vitam
1165 3465 1223 3544 ipsi
1237 3467 1381 3547 degebant
1394 3485 1459 3525 eam

340 3600 424 3657 quam
439 3600 477 3639 ne
492 3580 670 3640 atrocissimi
684 3581 801 3657 quidem
816 3578 976 3639 adversarii
991 3580 1023 3637 in
1037 3577 1166 3637 animum
1179 3578 1351 3636 inducerent
1361 3598 1459 3655 repre-

339 3693 479 3763 hendere3
507 3692 587 3749 velut
606 3691 724 3750 Plotino
744 3699 777 3749 ut
798 3691 934 3749 orborum
953 3690 1163 3767 viduarumque
1180 3689 1313 3749 fortunas
1333 3689 1459 3765 patroci-

339 3803 444 3881 niaque
464 3802 679 3862 committerent
700 3802 829 3879 undique
851 3808 880 3859 et
901 3800 1051 3861 Romanos
1076 3808 1106 3859 et
1127 3801 1298 3880 peregrinos
1325 3800 1459 3859 homines

340 3914 521 3973 concurrisse
543 3919 666 3972 constat.
704 3912 784 3987 Quid
803 3918 900 3970 autem
920 3912 1040 3983 mirum,
1063 3912 1087 3971 si
1109 3912 1265 3972 obstinatis
1284 3912 1330 3969 illi
1352 3910 1459 3971 animis

340 4025 408 4084 deos
423 4027 577 4095 tenebant,
593 4042 666 4101 quos
682 4022 968 4100 sapientissimomm
982 4023 1224 4100 pbilosophorum
1237 4022 1369 4099 placitis,
1393 4040 1459 4081 sua·

339 4135 523 4195 vissimorum
542 4141 693 4211 poetarum
714 4133 907 4206 carminibus,
935 4134 1183 4193 nobilissimorum
1207 4133 1351 4191 artificum
1370 4132 1459 4191 simu·

340 4245 426 4305 lacris
446 4244 636 4323 templisque,
665 4250 728 4304 tota
746 4244 872 4322 denique
891 4246 1022 4325 gentium
1041 4244 1221 4323 egregiarum
1242 4243 1303 4302 vita
1321 4249 1351 4300 et
1370 4244 1458 4301 rebus

340 4357 430 4433 gestis
449 4364 589 4432 tanquam
609 4356 770 4415 celebratos
785 4353 933 4427 viderant,
955 4356 1025 4432 quid
1039 4355 1159 4426 mirum,
1181 4354 1207 4413 si
1226 4371 1332 4411 novam
1352 4352 1459 4412 doctri·

341 4485 405 4525 nam
426 4468 597 4538 horrebant,
618 4485 693 4544 quae
713 4466 766 4524 illa
785 4458 892 4545 omnia*
903 4466 1023 4525 iamiam
1041 4464 1173 4523 funditus
1192 4470 1358 4543 pervertere
1370 4462 1458 4521 ¹vide·

342 4576 437 4636 retur?
459 4579 556 4654 Atque
568 4577 613 4636 ita
620 4575 813 4656 imperatores
823 4576 983 4636 extiterunt
994 4575 1155 4646 Traianus,
1167 4573 1353 4645 Hadrianus,
1365 4574 1457 4633 Anto·

1223 4684 1255 4736 1·
