3592 5400
814 718 973 792 CAPUT
999 719 1070 792 m

401 889 454 954 DE
476 872 688 958 LIBRORUM
711 884 810 950 ΠΕΡΙ
832 883 917 949 ΤΗΣ
939 884 998 949 ΕΚ
1019 882 1186 949 ΛΟΓΙΩΝ
1209 882 1482 950 ΦΙΛΟΣΟΦΙΑΣ

638 996 820 1064 RATIONE
841 997 894 1062 ΕΤ
915 996 1243 1101 DISTRIBUTIONE.

445 1299 559 1373 Eunap.
576 1296 627 1354 vit.
643 1296 751 1372 Porph.
767 1315 796 1372 p.
814 1296 849 1353 17
868 1285 908 1371 (p.
922 1294 993 1352 457.
1012 1296 1029 1352 3
1046 1293 1092 1350 ed.
1107 1293 1204 1352 Boiss.
1220 1285 1276 1371 Ill:
1300 1286 1398 1362 Αὐτὸς
1422 1289 1504 1373 (Por-

381 1399 513 1484 phyrius)
530 1399 582 1489 μὲν
598 1393 648 1463 οὖν
664 1421 735 1487 φησι
745 1397 852 1473 -νέος
868 1388 901 1461 δὲ
916 1396 957 1460 ὢν
968 1402 1038 1473 ’ίσως
1048 1407 1148 1461 ταῦτα
1162 1403 1299 1487 ἔγραφεν,
1314 1403 1354 1472 ὡς
1364 1403 1501 1462 ἔοικεν-

228 1566 232 1574 .
284 1506 289 1519 ’
381 1517 531 1599 ἐπιτυχεῖν
546 1511 713 1598 χρηστηρίῳ
729 1499 834 1598 μηθενὶ
848 1519 910 1572 τῶν
926 1498 1076 1597 δημοσίων
1092 1507 1297 1593 (vulgariumlt
1311 1513 1342 1572 ἐν
1363 1498 1396 1572 dd
1419 1513 1503 1592 αὐτῷ

381 1631 425 1704 τῷ
442 1623 545 1705 βιβλίῳ
557 1618 760 1710 καταγράφει,
775 1622 826 1682 καὶ
838 1619 917 1709 μετά
927 1629 1028 1682 ταῦτα
1039 1617 1120 1682 ἄλλα
1131 1618 1378 1708 πραγματεύεται
1392 1621 1503 1698 πολλά,

382 1732 462 1807 ὅπως
476 1732 530 1820 ypsi
545 1730 662 1794 τούτων
678 1728 828 1794 ποιεῖσθαι
839 1731 894 1802 την
907 1729 1085 1819 ἐπιμέλειαν.
1107 1736 1195 1794 Patet
1209 1737 1247 1792 ab
1258 1736 1394 1812 Eunapio
1409 1737 1503 1796 libros

382 1844 521 1930 περὶτῆς
542 1847 576 1906 ἐκ
596 1843 705 1932 λογίων
726 1845 784 1929 φιλ
806 1847 979 1924 significari3
1000 1847 1054 1904 hos
1074 1846 1164 1924 igitur
1183 1867 1202 1904 a
1222 1847 1386 1923 Porphyrio
1405 1847 1504 1906 adole·

345 1960 349 1966 ’
382 1967 480 2018 scente
503 1959 627 2036 scriptos
648 1978 714 2018 esse
737 1965 846 2017 censet.
879 1958 965 2032 Quod
986 1957 1124 2016 iudicium
1146 1977 1177 2015 re
1199 1958 1265 2034 ipsa
1287 1958 1452 2016 confirmari
1471 1959 1505 2018 in

382 2071 579 2149 superioribus
600 2071 793 2142 ostendimus3
814 2089 882 2126 nam
896 2069 1084 2128 Plotinianae
1103 2069 1254 2126 doctrinae
1272 2068 1385 2126 nullum
1404 2069 1437 2126 in
1457 2070 1503 2128 his

381 2182 465 2241 libris
485 2189 608 2258 apparet
627 2181 795 2259 vestigium,
817 2181 877 2238 vita
891 2177 1087 2256 Orphicomm
1101 2199 1160 2236 non
1180 2179 1413 2251 commendatur,
1434 2181 1503 2240 deo-

382 2312 446 2350 rum
460 2292 582 2349 nomina*
592 2298 622 2348 et
637 2308 721 2349 sacra
735 2290 892 2350 secundum
908 2309 1090 2348 communem
1101 2290 1189 2347 ritum
1203 2291 1369 2361 traduntur,
1385 2293 1504 2351 oracula

383 2422 441 2461 non
456 2421 491 2460 ex
505 2401 703 2479 philosophia,
721 2403 772 2462 sed
786 2401 974 2479 philosophia
987 2421 1023 2459 ex
1036 2401 1160 2460 oraculis
1173 2401 1343 2477 explicatur.
1367 2404 1429 2461 lam
1442 2410 1503 2460 tum

383 2533 442 2573 nou
463 2513 541 2592 vulgi
563 2505 740 2591 ingratiam
762 2513 894 2590 scripsit,
924 2513 975 2571 sed
997 2513 1160 2570 doctorum:
1191 2531 1312 2588 quorum
1335 2513 1450 2572 animos
1472 2522 1504 2572 ut

308 2655 317 2672 ι
383 2625 474 2683 veteri
489 2625 579 2683 cultui
599 2623 790 2703 religionique
811 2610 967 2682 obstrictos
987 2630 1122 2711 teneret,¹
1136 2623 1254 2681 deorum
1274 2624 1404 2702 ipsorum
1422 2626 1503 2684 testi·
1553 2676 1557 2681 ,

383 2736 489 2795 moniis
509 2744 596 2813 atque
616 2734 788 2795 auctoritate
809 2736 894 2812 quasi
914 2736 1099 2794 corroborare
1120 2734 1245 2806 studuit,
1268 2754 1317 2805 ac,
1339 2754 1377 2792 ue
1399 2735 1504 2794 iuce'rti

382 2850 569 2917 fluctuarent,
601 2846 627 2905 si
660 2846 709 2922 qui
736 2844 935 2905 Christianam
963 2846 1122 2904 doctrinam
1156 2846 1278 2905 caelitus
1304 2864 1368 2903 cum
1395 2858 1504 2925 genere

382 2960 509 3017 humano
535 2956 775 3014 communicatam
803 2975 869 3015 esse
893 2956 1091 3034 accepissent,
1119 2975 1157 3015 ne
1183 2956 1360 3016 Graecorum
1386 2958 1505 3035 quidem

384 3068 558 3145 sapientiam
573 3068 609 3124 ab
624 3066 789 3125 homiuibus
804 3067 953 3126 inventam
968 3067 1211 3145 excogitatomve,
1227 3068 1280 3126 sed
1291 3068 1444 3128 numinum
1454 3088 1504 3128 ore

383 3179 521 3237 traditam
535 3155 622 3255 atque
637 3178 834 3254 praedicatam
849 3196 915 3236 esse
930 3178 1071 3254 probavit.

447 3288 494 3349 De
509 3289 556 3349 his
571 3289 654 3347 libris
670 3290 816 3347 Eusebius
830 3308 931 3366 praep.
944 3307 1045 3367 evang.
1056 3290 1108 3348 IV.
1124 3290 1151 3347 6.
1166 3289 1184 3347 2
1200 3308 1229 3364 p.
1246 3291 1345 3348 143.a
1360 3289 1426 3368 Vig.
1448 3291 1503 3348 ait:

383 3393 529 3461 Μάλιστα
543 3394 600 3484 γάρ
617 3397 787 3482 φιλοσόφων
808 3388 894 3468 οὗτος
915 3392 1127 3477 (Porphyrius)
1149 3403 1210 3456 τῶν
1231 3390 1301 3456 καθ’·
1317 3398 1401 3482 ἡμᾶς
1420 3385 1507 3459 δοκεῖ

384 3506 434 3567 καὶ
450 3494 569 3593 δαίμοσι
584 3500 692 3579 καὶοῖς
708 3525 777 3590 φησι
794 3501 871 3579 θεοῖς
886 3503 1070 3592 ὡμιληκέναι
1089 3503 1160 3591 ὑπέρ
1175 3526 1211 3566 τε
1226 3503 1342 3567 τούτων
1360 3507 1505 3593 πρεσβεῦ-

384 3639 433 3678 σαι
449 3614 606 3699 (coluissc)
623 3616 673 3677 καὶ
687 3618 792 3695 πολλῷ
808 3619 924 3703 μάλλον
941 3614 1044 3698 (quam
1059 3621 1163 3695 reliqui
1178 3614 1360 3697 philosophi)
1376 3616 1417 3679 τὰ
1439 3618 1505 3703 περὶ

384 3729 483 3789 αὐτῶν
499 3724 705 3813 ἀκριβέστερον
720 3723 918 3813 ηρευνηκέναι.
941 3718 1043 3799 Οὗτος
1062 3734 1221 3814 τοιγαροῦν
1240 3729 1271 3789 ἐν
1291 3720 1332 3801 οἷς
1353 3722 1513 3815 ἐπέγραψε-

384 3834 779 3925 Περὶτῆςέκλογίων
801 3836 1040 3923 φιλοσοφίας
1063 3836 1238 3924 συναγωγὴν
1253 3835 1416 3907 ἐποιήσατο
1433 3859 1505 3924 γρη·

385 3954 467 4033 σμῶν
481 3954 536 4008 τοῦ
551 3967 586 4008 τε
602 3942 790 4020 Ἀπόλλωνος
809 3946 860 4007 καὶ
873 3954 936 4008 τῶν
957 3950 1069 4009 λοιπῶν
1085 3943 1160 4008 θεῶν
1174 3968 1210 4008 τε
1225 3947 1276 4007 καὶ
1299 3943 1423 4035 ἀγαθῶν
1440 3935 1504 4008 δαι-

385 4053 496 4144 μόνων,
519 4060 568 4131 οὓς
583 4057 633 4119 καὶ
648 4060 781 4146 μάλιστα
796 4047 993 4144 ἐκλεξάμενος
1010 4056 1140 4139 (delectu
1154 4055 1246 4140 facto)
1263 4059 1346 4139 αὐτῷ
1365 4056 1503 4147 ἡγήσατο

385 4166 501 4241 ἱκανοὺς
517 4163 590 4229 εἶναι
607 4171 646 4242 είς
660 4163 695 4229 τε
711 4156 863 4240 ἀπόδειξιν
877 4175 933 4239 τῆς
946 4175 1007 4228 τῶν
1024 4164 1264 4256 θεολογουμένων
1278 4170 1401 4254 ἀρετῆς,
1417 4172 1458 4242 εἷς
1468 4190 1503 4231 τε

384 4278 553 4365 προτροπην
568 4271 602 4351 ἧς
618 4280 701 4359 αὐτῷ
717 4278 801 4364 φίλον
818 4274 895 4359 (est)
913 4268 1070 4363 ὀνομάζειν
1087 4275 1248 4363 θεοσοφίας.

450 4392 571 4452 Codices
583 4393 738 4475 Augustini
752 4384 914 4475 θεολογίων
925 4394 1079 4468 pracbeut3
1093 4393 1236 4451 editiones
1248 4412 1327 4451 nuuc
1338 4392 1372 4450 ἐκ
1385 4389 1502 4478 λογίων,

386 4503 437 4561 sed
460 4495 476 4560 θ
500 4522 535 4560 cx
557 4503 671 4561 articuli
695 4503 863 4579 compendio
887 4511 981 4560 ortum
1005 4504 1126 4563 videtur.
1167 4504 1233 4562 Alia
1255 4506 1440 4580 corruptione
1461 4506 1501 4562 lo.
