3592 5400
532 634 552 678 X
904 633 1136 678 Pronnoonnna.

534 824 638 903 multi,
657 825 778 890 nominc
802 827 887 888 κατὰ
913 823 1112 891 Φιλόπονον.
1137 826 1260 892 Scilicet
1283 827 1443 916 scripserat
1460 829 1512 895 hic

534 966 666 1030 Joanncs
699 963 885 1039 Φιλὸπονος
911 967 1122 1031 commentaria
1144 967 1176 1032 in
1200 969 1365 1054 categorias
1388 970 1508 1035 Aristo·

534 1105 617 1184 telis,
644 1112 678 1170 ut
708 1105 823 1171 iudicat
847 1105 957 1171 titulus
980 1107 1227 1193 praestantissimi
1252 1107 1366 1174 codicis
1391 1109 1510 1176 Vindo-

532 1245 687 1310 boncnsis:
719 1250 880 1310 Ἰωάννου
914 1248 1152 1329 Γραμματικοῦ
1184 1245 1428 1333 Ἀλεξανδρέως
1453 1258 1508 1318 τοῦ

535 1383 724 1450 Φιλοπόνου
757 1387 791 1447 ἐκ
824 1389 889 1450 τῶν
924 1388 1105 1451 συνουσιῶν
1136 1386 1325 1468 Ἀμμωνίου
1349 1391 1404 1451 τοῦ
1429 1394 1509 1474 Ἕρ-

532 1525 624 1608 μείου
649 1522 798 1610 σχολικαὶ
827 1523 1082 1607 οὲποσημειὼσεις
1107 1527 1151 1600 εἰς
1176 1529 1233 1600 τὰς
1258 1526 1509 1610 Ἀριστοτέλους

533 1663 613 1730 δέκα
635 1664 842 1749 κατηγορίας.
865 1664 949 1729 Hinc
969 1665 1081 1729 factum
1103 1664 1229 1742 videtur,
1254 1670 1288 1730 ut
1300 1667 1407 1744 vitam,
1420 1690 1508 1754 quam

532 1809 596 1871 sine
627 1806 758 1870 auctoris
789 1805 912 1870 nomine
943 1805 1126 1870 circumferri
1164 1805 1314 1881 viderent,
1348 1805 1510 1872 tribuerint

531 1946 582 2013 alii
605 1946 716 2012 Joanni
741 1944 936 2028 ψιλοπόνῳ,
962 1944 1012 2010 alii
1037 1945 1213 2022 Ammonio,
1238 1944 1287 2009 cui
1309 1944 1401 2031 vulgo
1420 1946 1507 2011 ctiam

531 2088 564 2151 in
595 2083 749 2150 codicibus
782 2083 990 2149 attribuuntur
1021 2088 1249 2149 commemorata
1279 2084 1312 2148 in
1335 2084 1510 2172 Cetegorias

531 2225 760 2290 Commentario.
784 2223 858 2301 Sed,
882 2228 917 2288 ut
940 2246 1028 2311 supra
1052 2222 1203 2300 diximus,
1224 2246 1311 2309 quam
1331 2246 1414 2289 nunc
1435 2233 1508 2289 κατ’

531 2365 721 2447 Ἀμμώνιον
745 2364 874 2450 legimus
898 2365 1006 2441 vitam,
1033 2385 1096 2428 eam
1123 2362 1351 2449 haudquaquam
1377 2366 1510 2431 conscri-

530 2505 591 2592 psit
611 2503 810 2583 Ammonius;
830 2526 883 2569 cur
903 2503 974 2569 huic
994 2503 1034 2568 sit
1054 2502 1222 2589 abjudicata
1241 2503 1344 2567 afferre
1362 2503 1511 2582 rationes,

531 2667 598 2709 cnm
623 2642 659 2709 dc
680 2644 719 2709 iis
741 2643 820 2710 inter
842 2666 945 2709 omncs
977 2643 1134 2709 conveniat
1159 2643 1237 2708 viros
1262 2643 1394 2719 Doctus,
1418 2641 1508 2730 hujus

529 2786 587 2851 loci
612 2808 675 2851 csse
698 2786 817 2871 nequit:
841 2785 898 2849 hoo
922 2786 1048 2849 fortasse
1072 2782 1251 2850 monendum
1272 2784 1388 2850 easdem
1413 2785 1509 2852 valere

529 2924 619 2989 etiam
651 2924 687 2988 de
716 2923 833 2988 Joannc
863 2922 1041 3010 Philoponc.
1073 2922 1302 2988 Consarcinavit
1325 2945 1387 2989 eam
1414 2924 1510 3011 igitur

528 3064 651 3151 ignarus
670 3063 779 3149 aliquis
797 3062 979 3141 Graeculus,
1000 3068 1030 3127 et
1052 3084 1147 3126 rerum
1164 3067 1193 3127 ct
1206 3061 1326 3148 linguae
1337 3062 1509 3149 imperitus,

529 3203 580 3268 scd
603 3203 659 3269 hoc
683 3205 808 3269 fortasse
833 3204 938 3269 merito
962 3208 1092 3268 statuere
1115 3202 1187 3268 licet
1210 3203 1392 3268 Graeculum
1416 3206 1508 3271 istum

529 3367 626 3410 veram
647 3343 822 3409 Aristotelis
844 3342 880 3407 ab
900 3342 1062 3408 Ammonio
1087 3343 1286 3429 conscriptam
1306 3342 1445 3410 habuisse
1465 3347 1510 3411 vi-

527 3492 606 3561 tam,
625 3506 713 3571 quam
734 3482 770 3547 de
790 3505 844 3547 suo
866 3483 971 3547 misere
992 3482 1158 3568 corruperit
1176 3486 1206 3547 et
1219 3504 1288 3547 vero
1301 3482 1511 3571 deturpaverit.

572 3626 694 3691 Praeter
731 3623 800 3688 illas
842 3628 918 3703 tres,
956 3645 1138 3709 novamque,
1174 3645 1249 3708 quac
1282 3645 1364 3688 nunc
1397 3623 1511 3702 editur,

527 3772 675 3841 nostram,
700 3763 824 3841 minoris
849 3764 991 3828 moment'
1016 3768 1077 3829 tres
1103 3763 1228 3828 veniunt
1252 3762 1340 3829 aliae:

573 3906 605 3987 α)
632 3908 686 3969 1³¹³
719 3904 860 3989 Dionysii
886 3903 1042 3969 Halicarn.
1066 3904 1098 3968 in
1122 3904 1248 3991 epistola
1271 3903 1308 3969 ad
1331 3905 1509 3969 Ammacum

631 4046 667 4110 de
700 4043 911 4110 Demosthene.
946 4043 1092 4109 Continet
1123 4066 1157 4109 ea
1191 4045 1361 4109 notationes
1396 4044 1511 4129 aliquot

631 4184 875 4270 Chronologicas.

575 4329 603 4412 d)
628 4326 732 4390 Altera
762 4348 799 4390 ex
831 4323 986 4409 Hesychio
1019 4323 1140 4388 Milesio
1172 4323 1236 4410 agit
1260 4322 1297 4388 de
1320 4322 1510 4410 philosophia

631 4464 814 4530 Aristotelis.
