3592 5400
350 493 409 555 142
837 515 927 558 nronn
948 517 968 559 1.

412 669 523 727 Ultima
544 669 599 726 duo
622 670 739 726 oracula
760 669 912 727 Hebraeos
933 669 1067 726 laudibus
1094 669 1233 742 efferunt3
1260 689 1358 728 eorum
1384 672 1460 748 prins

347 799 435 836 unum
451 798 517 837 esse
532 780 616 836 deum
632 779 724 838 docet.
748 780 850 855 Ita-que
864 780 901 836 ad
916 778 1055 836 Iudaeum
1070 787 1219 837 auctorem
1236 800 1289 839 nos
1304 783 1459 857 perducunt

346 890 477 947 doctrina-
498 887 710 947 Ohaldaeorum
732 889 888 960 imbutum,
910 890 1012 964 quales
1032 889 1238 968 multi-primis
1259 899 1328 966 post
1351 890 1421 950 Chr.
1436 912 1459 947 n.

347 1001 471 1058 saeculis
488 998 680 1058 Alexandriae
700 1001 872 1076 praesertim
887 1001 1040 1077 degebant.
1074 1000 1179 1057 Plures
1202 1000 1273 1058 deos
1294 1002 1460 1070 colebatis,

346 1111 396 1187 qui
410 1111 534 1187 primum
551 1111 699 1169 oraculum
715 1110 846 1168 confecit.
878 1110 923 1168 Ibi
938 1109 1066 1167 Hebraei
1087 1112 1144 1166 non
1165 1129 1236 1186 prae
1251 1110 1359 1169 ceteris
1374 1111 1461 1168 omni·

347 1222 415 1293 bus,
442 1221 494 1280 scd
519 1239 583 1279 oum
604 1220 670 1278 aliis
691 1221 790 1279 multis
811 1221 1001 1278 celebrantur.
1042 1220 1167 1278 Iudaeus
1187 1238 1277 1294 quum
1299 1218 1460 1279 Chaldaeos

346 1331 464 1389 laudare
479 1339 594 1408 posset,
610 1332 678 1406 quia
689 1333 845 1389 Zoroaster
860 1351 948 1388 unum
962 1331 1046 1388 deum
1059 1330 1184 1388 coluisse
1196 1331 1384 1401 credebatur,
1400 1332 1460 1388 reli-

346 1460 418 1516 quos
439 1443 506 1500 illos
526 1442 648 1516 populos
669 1442 787 1499 laudare
802 1461 859 1499 non
873 1440 976 1516 potuit.
1003 1441 1109 1516 ,Itaque
1129 1440 1255 1517 primum
1275 1441 1353 1498 illud
1368 1461 1459 1499 oracu-

346 1552 406 1608 lum
420 1571 439 1608 a
452 1552 625 1628 philosopho
641 1551 754 1610 Graeco
770 1551 933 1628 sapientiae
953 1551 1072 1609 orientis
1092 1550 1170 1608 haud
1185 1551 1287 1628 ignaro
1303 1553 1459 1628 profectum

346 1680 412 1720 esse
427 1662 560 1721 arbitror.

409 1772 633 1850 Augustinus
654 1773 695 1830 de
717 1774 779 1835 civ.
796 1767 870 1831 dei¹
892 1773 942 1830 lib.
959 1773 995 1830 19
1013 1790 1075 1847 cap.
1091 1773 1146 1832 23:
1164 1773 1361 1845 „Audiamus,
1379 1792 1458 1849 quarn

346 1901 482 1960 magnum
497 1885 581 1942 deum
597 1884 674 1941 dicat
689 1903 754 1942 esse
769 1884 955 1941 Iudaeorum:
978 1883 1102 1957 „„Item'
1114 1883 1151 1940 ad
1171 1903 1220 1954 ea,
1243 1902 1320 1959 quae
1341 1884 1457 1942 interro·

345 1986 440 2070 gavit²
459 1995 639 2070 Apollinem,
661 1995 731 2070 quid
746 1995 850 2053 melius
865 1995 984 2052 verbum
1005 1993 1066 2052 sive
1080 1993 1154 2051 ratio
1161 1986 1182 2064 ³,
1204 2013 1243 2051 an
1258 1994 1323 2064 lex,
1346 2014 1457 2070 respon·

345 2101 406 2162 dit“
428 2105 537 2180 inquit,
560 2105 710 2179 „versibus
731 2106 802 2163 haec
822 2101 963 2163 dicens:“
990 2122 1026 2161 ac
1045 2102 1150 2161 deinde
1171 2104 1296 2163 subiecit
1315 2105 1457 2181 Apollinis

345 2234 459 2286 versus,
484 2215 514 2271 in
535 2216 640 2290 quibus
659 2223 688 2272 et
702 2215 753 2274 isti
774 2223 856 2285 sunt,
878 2223 925 2284 ut,
947 2223 1087 2290 quantum
1108 2213 1181 2273 sotis
1197 2221 1257 2284 est,
1276 2214 1347 2273 inde
1367 2216 1457 2273 decer·

345 2344 427 2401 pam:
443 2327 496 2398 „In
508 2325 593 2382 deum
604 2321 705 2395 vero,“
719 2326 828 2400 inquit,
849 2333 1068 2403 „generatorem
1079 2325 1149 2382 etin
1160 2344 1258 2403 regem
1270 2333 1340 2382 ante
1352 2327 1456 2384 omnia:

345 2454 430 2512 quem
447 2434 545 2493 tremit
560 2435 672 2494 coelum
688 2442 716 2492 et
731 2443 809 2494 terra
823 2444 910 2511 atque
925 2455 1005 2494 mare
1017 2444 1047 2493 et
1056 2435 1233 2494 infernorum
1245 2435 1348 2494 abdita
1359 2445 1389 2494 et
1400 2437 1457 2513 ipsa

344 2545 465 2604 numina
481 2548 719 2623 perhorrescunt:
738 2539 772 2625 (v.
790 2539 860 2623 144)
881 2564 1003 2622 quorum
1019 2548 1065 2604 lex
1080 2554 1126 2606 est
1147 2553 1244 2622 pater,
1269 2565 1358 2621 quem
1380 2546 1456 2605 valde

344 2657 439 2717 sancti
460 2659 604 2718 honorant
618 2653 796 2717 Hebraei.““

406 2768 519 2827 Horum
541 2788 675 2827 versuum
700 2776 760 2827 tres
783 2769 957 2828 Lactantius
980 2770 1107 2827 servavit
1128 2769 1165 2825 de
1186 2768 1231 2826 ira
1253 2788 1317 2847 oap.
1340 2771 1390 2829 23.
1409 2770 1455 2827 12:

346 2880 469 2955 „Apollo
484 2879 617 2938 Milesius
639 2879 674 2936 de
689 2879 859 2938 Iudaeorum
880 2880 1021 2958 religione
1041 2881 1190 2939 consultus
1210 2898 1354 2955 responso
1374 2872 1456 2938 haec⁴

343 2988 461 3046 indidit:
1340 2961 1342 2966 ’

379 3100 447 3157 141.
471 3089 519 3167 Ἐς
535 3082 585 3156 dil
601 3089 668 3157 θεὸν
683 3094 826 3177 βασιλῆα,
843 3097 893 3159 καὶ
908 3099 937 3171 ἐς
951 3096 1099 3186 rescrips
1113 3094 1320 3183 rporoirroiv⁶,

353 3206 355 3211 ’
470 3201 502 3265 ὃν
516 3202 652 3292 τρομέει7
668 3206 718 3268 καὶ
732 3216 808 3295 γαῖα
823 3207 873 3269 καὶ
888 3206 1010 3294 οὐρανὸς
1024 3195 1078 3284 ἠδὲ
1094 3204 1232 3269 θάλασσα

341 3446 446 3496 nuntur.
478 3439 615 3495 circulatio
628 3442 685 3506 illa,
703 3441 846 3511 procedens
859 3442 891 3493 ad
904 3442 1044 3510 septimum
1057 3458 1176 3505 cursum,
1194 3449 1297 3511 septem
1309 3444 1382 3494 zonis
1394 3444 1456 3494 elata

287 3522 296 3535 “
341 3532 381 3578 est
399 3528 431 3577 ad
448 3528 565 3579 tramites
584 3529 716 3579 caelestes.
752 3526 827 3579 Thilo
847 3526 877 3578 de
896 3527 969 3578 coelo
987 3542 1110 3595 empyreo
1128 3526 1217 3581 dissi
1236 3544 1263 3595 p.
1280 3526 1311 3578 13
1330 3529 1367 3579 sit
1390 3542 1456 3591 „ora-

342 3612 399 3664 culo
422 3610 471 3663 hoc
494 3612 602 3664 fictitio“
622 3628 701 3668 zonas
724 3612 775 3664 dici
792 3613 867 3664 orbes
885 3628 907 3663 s.
925 3610 1049 3679 sphaeras
1072 3616 1172 3680 septem
1193 3612 1374 3680 planetarum,
1395 3613 1456 3663 inter

342 3712 407 3765 quos
426 3698 489 3749 solis
506 3697 592 3749 media
609 3698 643 3749 sit
660 3697 746 3750 statio.

410 3784 418 3814 ¹
437 3780 483 3835 Ed.
501 3780 552 3833 los.
570 3781 692 3850 Strange.
711 3781 800 3834 Colon.
819 3798 842 3833 a.
859 3780 924 3833 1850
941 3779 1034 3832 01112.

409 3864 419 3897 2
438 3865 589 3917 Subiectum
608 3865 688 3920 deest.
713 3866 888 3920 Praecessisse
906 3866 975 3934 apud
991 3864 1165 3934 Porphyrium
1181 3864 1283 3917 videtur
1300 3884 1399 3919 nomen
1415 3866 1455 3917 ho·

340 3948 430 4011 minis,
454 3948 499 4016 qui
516 3951 650 4002 oraculum
670 3952 724 4003 iam
746 3957 806 4003 ante
827 3951 1008 4004 consuluisset.
1038 3950 1105 4002 (lum
1126 3951 1211 4019 priore
1233 3967 1363 4021 responso
1383 3953 1456 4005 etiam

340 4050 435 4085 nomen
453 4033 517 4086 illud
534 4033 671 4086 intercidit

408 4117 419 4151 ³
439 4116 468 4168 Ti
487 4115 595 4185 βέλτιον,
614 4118 690 4187 λόγος
708 4120 722 4184 ἢ
742 4122 831 4189 νόμος;
850 4118 926 4189 λόγος
944 4126 971 4173 01
986 4122 1095 4173 verbum
1112 4126 1139 4173 et
1155 4120 1222 4173 ratio
1240 4126 1289 4175 est.

408 4205 419 4235 ⁴
437 4202 477 4255 lta
495 4201 552 4256 cod.
570 4203 688 4271 Regium.
709 4204 741 4256 ab
761 4204 865 4257 Struvio
884 4207 994 4257 collatus
1012 4223 1058 4275 pro
1076 4205 1134 4260 hoo.

409 4288 419 4320 ⁵
437 4288 481 4341 Sic
500 4304 533 4339 ex
544 4287 692 4356 Augustino
708 4288 852 4341 emendari.
881 4290 1012 4343 Lactantii
1028 4291 1087 4342 libri
1105 4287 1162 4356 ἡδὲ,
1181 4290 1303 4343 Struvius
1321 4284 1455 4344 conicite.

408 4372 552 4425 ⁶Lactant.
572 4372 677 4440 βασιλῆα
696 4373 735 4424 καὶ
753 4376 887 4441 γεννητῆρα
905 4373 953 4442 πρὸ
971 4373 1077 4429 πάντων.
1107 4362 1182 4427 Hunc
1199 4376 1298 4443 legisse
1316 4376 1406 4443 βασιλῆ
1419 4374 1456 4425 καὶ

340 4461 474 4527 γεννητῆρα
495 4459 601 4511 coniicit
616 4459 646 4511 A.
659 4458 792 4511 Nauckius
808 4459 836 4510 in
853 4458 936 4511 diurn.
949 4461 1029 4529 antiq.
1041 4460 1176 4529 Marpurg.
1189 4476 1213 4513 a.
1227 4459 1293 4512 1855
1304 4477 1331 4529 p.
1345 4461 1402 4513 119.
1419 4458 1456 4510 καὶ

340 4540 363 4602 ἐς
376 4546 491 4612 proscripa
503 4544 666 4613 Augustinus
676 4544 802 4596 habuisse
813 4543 922 4597 videtur.
958 4544 968 4577 ⁷
988 4545 1031 4597 Sic
1043 4546 1110 4597 coni.
1122 4543 1222 4598 Nauck.
1235 4544 1309 4599 Lact.
1321 4545 1440 4614 rpipstw.
