3592 5400
395 489 436 552 32
610 509 706 551 carus
720 509 752 550 11.
775 508 817 550 ns
832 506 989 551 masoauu
1004 508 1113 552 romu.
1130 509 1285 552 rumora

393 663 511 739 pantio,
531 681 616 737 quem
633 662 740 722 librum
756 662 859 738 reliqui
875 657 942 743 περὶ
955 654 1044 721 πέντε
1060 659 1164 745 φωνῶν
1178 670 1284 729 vocant
1297 669 1348 720 aut
1362 663 1512 742 isagogen,

393 773 515 831 eundem
524 771 629 832 Suidas
642 768 708 854 περὶ
719 765 820 856 γένους
832 767 883 829 καὶ
899 755 996 841 είδους
1007 767 1058 830 καὶ
1070 756 1212 855 διαφορᾶς
1228 769 1279 830 καὶ
1290 757 1363 831 ἰδίου
1374 769 1427 830 καὶ
1438 792 1513 857 συμ-

393 878 557 962 βεβηκότος
567 884 649 941 dixit.
681 882 849 942 Genuinum
860 891 958 941 tamen
969 883 1094 942 indicem
1106 903 1144 941 ne
1154 901 1184 941 π.
1196 877 1383 967 ἀγαλμάτων
1394 885 1513 960 quidam

392 1013 458 1053 esse
480 995 620 1064 arbitror,
641 993 693 1075 sed
707 1011 737 1052 π.
752 1011 779 1050 τ.
795 979 829 1062 ἐξ
843 985 1032 1077 ἀγαλμάτων
1048 989 1252 1078 φυσιολογίας,
1272 994 1514 1074 similemniudici

391 1123 462 1164 aa.
478 1103 513 1162 ἐκ
528 1099 638 1188 λογίων
650 1098 830 1186 φιλοσοφίας.
854 1101 936 1164 Solet
951 1105 1027 1162 enim
1044 1104 1191 1163 Eusebius
1206 1104 1290 1162 illum
1303 1105 1425 1176 librum,
1441 1124 1513 1181 quo-

392 1217 446 1275 ties
467 1218 686 1285 commemorat,
707 1209 900 1298 φυσιολογίαν
920 1232 1022 1274 vocare
1043 1207 1098 1292 (pr.
1111 1234 1154 1273 ev.
1167 1215 1210 1274 III
1223 1215 1240 1274 6
1253 1222 1325 1274 extr.
1339 1216 1357 1274 8
1373 1223 1446 1275 extr.
1462 1219 1510 1276 13.

394 1329 432 1385 14
443 1327 508 1384 init.
524 1327 560 1385 15
573 1325 638 1384 init.
654 1325 691 1384 16
704 1324 778 1384 med.
791 1333 821 1383 et
832 1318 928 1403 exta).

453 1437 519 1495 Hac
536 1437 626 1514 igitur
645 1436 887 1494 commentatione
907 1435 1098 1513 philosophus
1119 1455 1217 1494 veram
1236 1436 1355 1494 deorum
1375 1443 1511 1496 naturam

390 1547 554 1608 simulacris
570 1554 708 1621 tanquam
722 1547 806 1606 libris
823 1539 878 1624 (pr.
891 1566 935 1606 ev.
950 1549 977 1606 3.
993 1539 1023 1624 7)
1039 1546 1199 1624 significari
1212 1547 1324 1618 docuit,
1339 1555 1372 1604 ut
1383 1549 1510 1607 oraculis

390 1658 528 1734 explicari
540 1658 609 1715 olim
620 1658 852 1731 ostenderatht
863 1665 972 1734 quanto
990 1658 1105 1735 longius
1120 1657 1289 1734 provehitur
1299 1677 1387 1735 quam
1403 1659 1435 1716 iu
1447 1678 1511 1717 ora·

390 1769 518 1826 culomm
530 1767 730 1845 philosophia!
759 1769 857 1828 Iovem
871 1774 956 1828 vocat
969 1761 1023 1827 τὸν
1037 1769 1105 1824 νοῦν
1119 1770 1175 1824 τοῦ
1190 1761 1318 1851 κόσμου,
1339 1763 1394 1825 τόν
1408 1761 1511 1827 πάντα

389 1871 501 1961 κόσμον
518 1871 572 1957 (pr.
586 1897 628 1937 ev.
641 1879 693 1938 III.
708 1871 754 1958 9)ι
774 1872 829 1942 τόν
846 1861 879 1935 δὲ
893 1866 999 1960 Ἥραν,
1014 1878 1110 1954 inquit
1125 1871 1207 1957 (ibid.
1218 1879 1271 1938 III.
1289 1872 1354 1957 11),
1375 1872 1510 1936 σύνοικον
1558 1939 1563 1943 ,

357 1996 361 2003 ’
388 1992 433 2064 τῷ
449 1981 496 2046 Διὶ
510 1983 720 2062 πεποιήκασιν,
741 1983 797 2054 τήν
818 1980 944 2070 αἰθέριον
959 1983 1010 2046 καὶ
1029 1981 1126 2070 ἀέριον
1142 1973 1265 2071 δύναμιν
1279 1977 1376 2070 Ἥραν
1391 2006 1510 2071 προσει-

388 2092 502 2168 πόντες.
530 2088 621 2157 Ἔστι
641 2094 698 2183 γαρ
721 2097 737 2155 ὁ
758 2090 843 2180 αἰθήρ
864 2092 921 2180 ἀήρ
940 2092 1219 2182 λεπτομερέστατος
1243 2142 1270 2157 ..
1297 2091 1360 2156 Καὶ
1379 2103 1436 2159 τοῦ
1456 2093 1509 2182 μὲν

388 2205 500 2279 παντός
515 2203 598 2291 ἀέρος
617 2208 636 2275 ή
658 2193 779 2291 δύναμις
793 2197 838 2265 Ἥ
846 2227 861 2292 ρ
870 2227 890 2266 α
905 2203 1039 2292 τοῦνομα
1053 2204 1113 2268 ἀπό
1126 2213 1181 2267 τοῦ
1197 2202 1310 2291 ἀέρος
1324 2204 1509 2292 κεκλημένη·

388 2323 442 2377 τοῦ
459 2304 492 2378 δέ
507 2314 563 2376 ὑπό
585 2313 710 2384 σελήνην
731 2305 935 2402 φωτιζομένου
955 2315 1007 2376 καὶ
1028 2306 1240 2403 σκοτιζομένου
1256 2313 1340 2402 ἀέρος
1353 2318 1373 2385 ri
1388 2313 1508 2385 Λητὼ

389 2423 551 2513 σύμβολον·
570 2421 674 2495 ληθὼ
689 2423 746 2514 γάρ
762 2425 856 2496 αὐτόν
872 2421 947 2487 εἶναι
964 2414 1014 2488 διά
1027 2425 1083 2496 τήν
1098 2426 1180 2489 κατὰ
1193 2425 1247 2489 τόν
1262 2425 1351 2489 ὕπνον
1366 2423 1509 2496 ἀναισθη-

388 2535 466 2614 σίαν,
487 2535 539 2598 καὶ
553 2535 600 2598 ὅτι
616 2530 723 2623 ψυχαῖς
742 2534 799 2598 ὑπό
820 2534 947 2606 σελήνην
965 2535 1138 2625 γενομέναις
1156 2533 1234 2606 λήθη
1255 2528 1436 2623 ξυνομαρτεῒ
1452 2544 1508 2599 τοῦ

388 2644 480 2711 θείου·
501 2636 551 2711 διά
564 2654 656 2710 τοῦτο
678 2635 711 2710 δὲ
731 2647 782 2709 καὶ
802 2643 1104 2735 μήτηρἋπόλλωνός
1117 2669 1153 2710 τε
1173 2647 1225 2710 καὶ
1239 2636 1424 2735 Ἀρτέμιδος,
1446 2655 1508 2718 τῶν

387 2759 488 2821 αἰτίων
508 2767 663 2846 φωτισμοῢ
679 2805 704 2819 ..
725 2755 787 2820 Καὶ
806 2758 843 2820 τό
864 2755 918 2845 μὲν
937 2758 1116 2847 ήγεμονικόν
1135 2768 1191 2833 τῆς
1212 2755 1330 2846 χθονίας
1353 2747 1508 2847 δυνάμεως

387 2864 519 2930 Ἐστία
539 2867 726 2938 κέκληται..
748 2866 812 2938 Τήν
834 2857 866 2930 δὲ
882 2863 990 2930 Ῥέαν
1009 2878 1169 2955 προσεῖπον
1188 2868 1244 2939 τήν
1265 2878 1320 2943 τῆς
1334 2858 1507 2956 πετρώδους

386 2979 437 3041 καὶ
451 2978 581 3066 ὀρείου
596 2986 652 3066 γῆς
668 2967 805 3065 δύναμιν·
826 2977 882 3047 τήν
904 2967 937 3041 δὲ
951 2976 1162 3072 Δήμητραν
1176 2980 1232 3050 τήν
1245 2988 1301 3054 τῆς
1316 2968 1439 3054 πεδινῆς
1455 2980 1507 3042 καὶ

386 3089 548 3179 γονίμου..
569 3098 638 3150 κυεῒ
654 3088 710 3159 τήν
724 3086 778 3150 Κό
788 3110 853 3176 ρην
873 3092 909 3151 ἐκ
924 3086 1006 3165 Διός,
1027 3089 1166 3153 τουτέστι
1185 3090 1239 3153 τόν
1260 3089 1376 3179 κόρον
1395 3093 1431 3153 ἐκ
1445 3099 1506 3153 τῶν

387 3188 587 3289 φρυγανωδῶν
599 3197 776 3287 σπερμάτων
792 3197 970 3284 (satietatem
985 3224 1021 3263 ex
1035 3199 1144 3284 segete)
1201 3199 1270 3263 Τῶν
1286 3190 1319 3263 δὲ
1334 3190 1506 3289 ἀκροδρύων

386 3311 437 3373 καὶ
456 3310 534 3385 όλως
552 3319 613 3373 τῶν
634 3315 852 3399 φυτευτικῶνή
876 3299 997 3398 δόναμις
1012 3309 1202 3385 Διόνυσος
1222 3302 1405 3399 ὀνομάζεται
1419 3307 1505 3374 ..·Ὀ

386 3410 419 3484 δὲ
434 3420 534 3485 κόων
549 3420 717 3507 (Cerberus)
734 3411 825 3492 δηλοῖ
836 3422 891 3493 τήν
907 3420 1041 3492 κύησιν
1055 3432 1116 3484 τῶν
1132 3431 1253 3510 καρπῶν
1268 3427 1307 3497 εἰς
1321 3422 1389 3509 τρία
1405 3411 1506 3510 διῃρη-

386 3531 488 3621 μένην,
510 3538 549 3607 εἰς
570 3533 625 3605 τήν
645 3532 833 3616 καταβολήν,
855 3537 894 3607 εἰς
913 3532 969 3603 τήν
990 3521 1154 3620 ὑποδοχήν,
1180 3537 1220 3608 εἰς
1239 3532 1295 3603 τήν
1314 3522 1457 3596 ἀνάδοσιν
1478 3580 1504 3597 ..

386 3640 489 3707 Ἐννέα
502 3633 535 3706 δὲ
546 3633 713 3727 ἐπᾴδουσαι
721 3650 840 3707 Phoebo
855 3641 966 3708 suntM
975 3665 990 3720 ο
999 3652 1017 3704 c
1025 3666 1043 3706 σ
1051 3667 1071 3705 α
1079 3668 1102 3722 ι,
1114 3643 1134 3715 ή
1144 3665 1180 3706 τε
1191 3643 1382 3718 ὑποσελήνιος
1393 3654 1506 3731 σφαῖρα

383 3755 434 3816 καὶ
454 3754 531 3818 έπτά
550 3758 712 3826 πλανητῶν
732 3754 783 3816 καὶ
804 3755 857 3842 μία
876 3758 895 3825 ή
916 3763 971 3828 τῆς
992 3756 1149 3828 ἀπλανοῦς.
1188 3760 1361 3819 Herculis
1385 3760 1503 3819 labores

383 3870 534 3928 duodecim
551 3872 588 3928 ad
608 3872 758 3929 zodiacum
772 3870 869 3929 refert.
885 3858 1071 3953 Ἄρτεμις
1090 3859 1152 3927 οἷον
1173 3864 1385 3953 ἀερότεμις
1399 3863 1465 3949 (sic)
1478 3912 1503 3930 ..

382 3983 439 4037 τοῦ
454 3964 487 4037 δὲ
501 3975 648 4049 παντός
662 3974 715 4037 τόν
727 3971 817 4037 Πάνα
832 3974 983 4064 σύμβολον
994 3972 1097 4038 ἔθεντο
1113 4023 1138 4038 ..
1153 3982 1240 4039 Attio
1253 4000 1358 4039 nomen
1368 3982 1407 4039 ab
1422 3972 1504 4038 ἄνθει

382 4091 461 4149 ducit
477 4085 596 4169 (Euseb.
609 4111 653 4167 pr.
666 4110 710 4149 ev.
725 4092 752 4149 3.
769 4084 837 4170 13),
854 4091 962 4166 quade
977 4111 1008 4149 re
1019 4092 1213 4169 Porphyrium
1229 4092 1401 4169 exposuisse
1415 4092 1503 4151 Iulia·

382 4220 438 4261 nus
458 4218 573 4277 quoque
592 4208 757 4278 acceperat,
781 4199 832 4277 qui
850 4202 947 4278 ipsum
968 4202 1074 4260 librum
1095 4221 1153 4262 non
1173 4204 1245 4280 legit
1262 4196 1383 4281 (Iulian.
1396 4204 1502 4263 crath

371 4392 374 4398 Ι
381 4332 410 4389 p.
425 4314 489 4391 302
497 4304 643 4389 rotavit
672 4310 752 4371 Satis
775 4330 920 4388 superque
939 4314 1013 4370 baec
1032 4314 1246 4385 demonstrant,
1268 4315 1412 4388 quomodo
1432 4315 1502 4372 deos

450 4458 634 4511 *lamblichus
653 4473 756 4527 quoque
774 4458 870 4510 librum
883 4458 919 4511 *de
943 4459 1086 4512 simulacris
1109 4460 1219 4529 scripsit.
1255 4458 1318 4523 Qui,
1342 4464 1372 4511 ut
1393 4460 1502 4522 solebat,

381 4543 517 4612 Porphyrii
534 4545 642 4596 modum
660 4544 787 4608 excessit,
810 4545 905 4608 itaut,
929 4561 1009 4613 quum
1030 4545 1075 4596 ille
1093 4544 1201 4597 deorum
1217 4544 1316 4596 formas
1334 4544 1501 4613 insigniaque
