3592 5400
509 514 605 557 carur
619 515 651 557 11.
679 514 720 556 na
735 514 1015 565 amaoaemronru.
1032 513 1184 558 rauroan.
1360 493 1399 556 31

282 668 483 746 significatae
502 675 685 745 potestatem.
723 667 791 726 Non
811 668 899 726 trium
914 668 1124 726 elementorum
1143 668 1298 746 imaginem
1318 668 1402 727 deam

282 797 349 837 csse
371 778 457 850 dicit,
479 778 531 837 sed
554 798 589 836 ex
611 778 719 854 triplici
740 780 803 837 eius
822 778 917 837 forma
935 779 1024 835 trium
1044 779 1252 844 elementorum
1272 778 1403 856 reginam

282 907 349 947 esse
364 888 485 965 colligit.
522 888 616 962 Quid,
636 889 713 963 quod
728 889 775 947 vel
794 890 921 947 animam
938 889 1050 947 censuit
1064 888 1242 964 tripartitam
1256 907 1322 947 esse
1337 909 1403 966 pro-

282 1007 399 1076 pterea,
421 999 499 1074 quod
514 999 640 1068 Hecate,
661 1001 776 1056 animae
798 1000 930 1069 domina,
952 1007 1033 1058 esset
1051 999 1210 1057 triformis?
1236 999 1403 1057 litantem

281 1131 330 1187 ap.
344 1111 453 1168 Euseb.
466 1129 510 1184 pr.
523 1128 567 1167 ev.
581 1110 609 1167 5.
625 1111 642 1167 6
658 1129 686 1185 p.
703 1111 759 1167 191
774 1109 855 1186 Vig.:
874 1102 937 1166 Καὶ
948 1103 1065 1191 μήποτε
1079 1093 1129 1166 διά
1142 1111 1235 1167 τοῦτο
1246 1105 1404 1192 τρίμορφος

281 1213 421 1302 τριμερής
435 1236 470 1276 τε
485 1215 536 1275 καὶ
550 1216 568 1284 ἡ
585 1209 677 1300 ψυχή,
695 1227 849 1294 postquam
865 1219 990 1277 oraculis
1005 1219 1102 1276 docuit
1115 1219 1248 1277 Hecaten
1264 1228 1293 1277 et
1308 1220 1403 1278 trifor-

282 1349 362 1387 mem
376 1348 441 1388 esse
457 1337 487 1386 et
501 1327 650 1411 ἀρκοῦσαν
666 1318 801 1410 ψυχῶοαι
816 1322 1043 1414 πανυπέρτατον
1059 1322 1178 1411 κόσμον.

350 1440 466 1514 Quanto
481 1439 527 1497 his
543 1439 670 1514 epistula
684 1439 722 1496 ad
732 1440 901 1498 Anebonem
916 1439 1020 1498 distatl
1043 1442 1078 1498 ln
1093 1459 1150 1516 qua
1164 1440 1292 1510 dubitat,
1307 1402 1404 1498 utrum

283 1550 326 1607 dii
347 1550 420 1626 sint,
448 1548 550 1624 quales
570 1549 730 1623 antiquitas
752 1549 867 1608 Graeca
889 1557 986 1607 mente
1006 1551 1224 1628 excogitaverit,
1251 1571 1289 1608 an
1309 1551 1405 1609 sidera

283 1661 360 1730 sint,
375 1679 413 1718 an
428 1668 549 1717 naturae
564 1659 705 1734 quaedam
720 1660 811 1729 vires,
828 1680 866 1716 an
878 1660 996 1735 animae
1007 1661 1150 1718 humanae
1162 1668 1270 1736 partes.
1293 1661 1327 1718 In
1342 1679 1405 1719 ora-

283 1771 415 1829 culorum
426 1770 612 1846 philosophia
623 1770 693 1828 deos
705 1770 889 1847 distinguite
900 1770 1045 1829 sideribus
1056 1764 1175 1849 (Euseb.
1185 1791 1229 1847 pr.
1236 1791 1280 1831 ev.
1288 1772 1316 1830 6.
1327 1773 1353 1830 l.
1364 1764 1404 1847 1);

283 1881 394 1938 ibidem
409 1881 479 1939 deos
500 1880 657 1949 caelestes,
678 1879 788 1950 aerios,
810 1887 979 1950 terrestres,
1000 1880 1143 1949 marinus,
1164 1880 1273 1939 inferos
1294 1898 1405 1939 eornm·

283 2010 342 2066 que
357 1991 485 2048 omnium
500 1990 644 2047 sacrificia
658 1990 774 2069 diversa
788 1996 940 2047 enumerat
956 1982 1010 2065 (pr.
1024 2009 1067 2048 er.
1081 1993 1110 2048 4.
1125 1991 1153 2049 9.
1171 1983 1214 2068 1);
1232 1990 1262 2046 in
1279 1991 1406 2066 epistula

283 2103 459 2177 interrogat:
477 2084 570 2156 deciri
584 2097 615 2157 έν
630 2097 744 2182 οὐρανῷ
760 2092 983 2156 κατοικούντων
997 2104 1058 2157 τῶν
1074 2091 1149 2157 θεῶν
1165 2095 1268 2182 μόνον,
1283 2091 1406 2182 χθονίων

283 2207 337 2268 καὶ
352 2202 533 2292 ὑποχθονίων
549 2205 602 2267 εἰσὶ
616 2203 698 2292 παρά
712 2215 775 2278 τοῖς
787 2201 974 2294 θεουργικοῖς
993 2204 1126 2283 κλήσεως
1152 2253 1177 2267 ..
1201 2213 1264 2279 πῶς
1283 2195 1407 2292 ἐνθθριοί

283 2338 364 2389 τινες
383 2313 523 2404 λέγονται
543 2315 594 2377 καὶ
614 2314 719 2402 ἀέριοι,
743 2314 853 2389 τόπους
874 2336 910 2377 τε
939 2304 1121 2403 θιειλήχαοιν
1148 2313 1236 2379 ἄλλοι
1256 2312 1366 2390 ἄλλους
1379 2362 1405 2377 ..

286 2426 387 2488 καίτοι
410 2415 533 2513 δύναμιν
555 2423 676 2512 ἄπειρον
698 2431 815 2511 ἔχοντες
837 2426 888 2486 καὶ
910 2423 1082 2512 άμέριοτον;
1111 2425 1225 2500 (Iambl.
1242 2432 1278 2489 de
1293 2432 1407 2507 myst.l

285 2534 406 2625 capit.)
440 2541 506 2598 Illic
527 2541 684 2617 praecipit,
710 2541 852 2614 quomodo
875 2540 995 2596 numina
1016 2541 1159 2612 invocari,
1183 2541 1288 2615 quibus
1314 2541 1406 2599 sacris

286 2651 343 2709 coli
359 2651 464 2722 velint,
485 2649 533 2710 hic
547 2651 674 2726 quaerit,
690 2669 729 2711 an
745 2669 828 2710 sacra
842 2668 1001 2726 precesque
1021 2651 1175 2727 aspernari
1194 2651 1334 2723 debeant,
1355 2651 1405 2727 qui

284 2763 481 2838 voluptatum,
507 2762 582 2832 irae,
606 2780 711 2820 sensus
731 2762 856 2836 denique
876 2762 996 2818 humani
1015 2762 1076 2820 sint
1095 2769 1229 2839 expertes
1250 2755 1370 2838 (Iambl.
1390 2764 1406 2820 I

284 2892 349 2948 cap.
366 2875 451 2930 10--
465 2865 524 2949 13).
562 2872 628 2929 Illic
653 2873 765 2931 artibus
788 2871 909 2949 magicis
935 2871 1005 2931 deos
1026 2873 1095 2950 'cogi
1120 2873 1217 2944 docet3
1243 2873 1292 2931 hic
1315 2873 1407 2931 inter·

285 2991 383 3060 rogat,
406 3002 460 3052 an,
483 2982 509 3040 si
533 2982 682 3058 sapientes
706 2982 781 3058 sint,
807 2982 933 3040 debeant
955 3001 1020 3041 esse
1042 2984 1238 3042 inexorabiles
1262 2977 1407 3062 (Iambll

285 3114 349 3170 cap.
365 3095 402 3152 27
416 3128 452 3135 -
464 3084 526 3169 30).
565 3092 631 3149 Illic
650 3093 768 3151 deorum
789 3112 838 3150 ore
857 3094 1033 3168 sapientiam
1053 3101 1083 3151 et
1102 3073 1311 3153 beatitudinem
1331 3094 1407 3152 tradi
1436 3076 1440 3082 ⁶

285 3204 426 3273 affirmat,
452 3204 500 3260 hie
526 3202 706 3273 sciscitatur,
733 3197 851 3286 μήποτε
872 3195 952 3267 άλλη
971 3222 1017 3272 τις
1036 3195 1168 3283 λανθάνῃ
1194 3191 1269 3261 οὖσα
1292 3203 1312 3269 ri
1336 3200 1407 3287 πρὸς

287 3298 476 3396 εὐδαιμονίαν
498 3297 580 3385 ὁδός,
601 3306 787 3395 ἀφισταμένη
807 3316 868 3371 τῶν
885 3304 961 3369 θεῶν
977 3307 1058 3391 (ibid.
1069 3314 1110 3372 X.
1127 3307 1166 3391 1).
1195 3314 1274 3388 Quid
1293 3315 1407 3372 multa?

285 3426 387 3483 Paene
407 3424 474 3499 ipsa
497 3423 598 3493 verba,
622 3419 748 3497 quaein
769 3423 950 3481 oraculorum
973 3422 1160 3498 philosophia
1179 3424 1353 3497 protulerat,
1376 3424 1406 3481 in

286 3535 415 3610 epistula
428 3534 459 3591 in
475 3534 685 3592 dubitationem
700 3541 792 3591 vocat.

351 3643 420 3703 Non
440 3645 591 3702 dubitabat
611 3645 737 3720 amplius
752 3644 960 3713 fluctuabatve,
983 3644 1035 3703 sed
1054 3651 1164 3701 certam
1177 3636 1262 3701 'viam
1281 3662 1407 3719 sequens

287 3754 408 3811 deorum
428 3762 458 3812 et
476 3754 595 3813 nomina
614 3762 643 3811 et
662 3753 769 3813 formas
790 3761 819 3811 et
838 3761 973 3812 naturam
992 3754 1113 3831 physice
1133 3755 1341 3831 interpretatus
1362 3764 1408 3814 cst
1497 3824 1499 3834 ‚

287 3866 365 3946 libro
374 3860 440 3946 περὶ
448 3858 647 3948 ἀγαλμάτων,
660 3885 695 3922 ex
706 3883 762 3939 quo
774 3866 851 3923 haud
862 3884 957 3941 pauca
966 3866 1112 3924 Eusebius
1123 3884 1167 3942 pr.
1181 3885 1224 3924 ev.
1236 3866 1290 3925 111.
1304 3868 1406 3926 7-13

287 3983 318 4031 et
338 3973 482 4034 Stobaeus
503 3977 556 4034 ecl.
574 3977 659 4052 phys
677 3977 700 4034 l.
718 3977 747 4034 3.
767 3977 804 4034 23
829 3974 963 4034 afferunt.
994 3969 1070 4057 Περὶ
1092 3966 1178 4034 θείων
1200 3969 1357 4059 ὀνομάτων
1379 3966 1407 4035 α’

287 4085 364 4142 hunc
378 4084 485 4143 librum
500 4084 606 4145 Suidas
622 4093 705 4143 vocat
720 4104 744 4143 s.
760 4084 938 4161 Porphyrio,
960 4086 1028 4161 quia
1044 4086 1161 4144 deorum
1181 4087 1337 4146 simulacra
1350 4107 1407 4145 ncn

288 4195 382 4272 magis
403 4214 489 4270 quam
511 4196 629 4255 nomina
649 4196 821 4272 explicabat.
856 4195 922 4254 Hoc
942 4197 1019 4253 enim
1040 4197 1108 4255 libri
1128 4199 1269 4272 reliquiae
1288 4196 1406 4255 docent:

288 4324 364 4379 quae
379 4306 477 4364 nullae
493 4314 560 4365 sunt
575 4306 642 4365 libri
658 4306 693 4363 de
708 4307 890 4379 nominibus;
907 4326 1001 4382 neque
1016 4308 1136 4384 cogitari
1151 4314 1248 4384 potest
1260 4306 1329 4380 quid
1340 4308 1407 4365 novi

288 4416 336 4473 hic
351 4416 481 4492 proferre
495 4416 637 4492 potuerit,
658 4434 746 4490 quum
766 4418 817 4475 ille
838 4436 952 4492 quoque
971 4417 1090 4475 nomina
1110 4417 1328 4492 complectatur.
1360 4416 1407 4475 Ne
1479 4438 1481 4445 ·

289 4525 354 4599 quis
369 4533 467 4583 autem
481 4526 679 4603 inscriptionis
694 4526 921 4603 discrepantiam
936 4528 1064 4590 mirator.
1093 4526 1171 4585 Nam
1191 4526 1280 4585 simili
1299 4522 1407 4585 discre-
