3592 5400
851 480 976 525 unm.

480 618 571 703 ξυνοὶι
584 628 669 693 πίλει
682 626 808 717 χθονίων
822 631 874 693 καὶ
887 627 1088 717 ύποχθονίωνί
1101 622 1180 695 τάδε
1195 631 1321 721 μούνων,

384 746 436 804 30.
480 728 691 826 erperode·
705 736 831 827 χθονίοις
845 743 940 828 ἀρνῶν
955 740 1105 831 νεοπογέιι
1120 741 1221 831 γοῖοι.4

350 850 433 923 τοῖς5
449 838 483 913 di
498 849 604 937 ἀερίοις
617 848 719 920 πτηνοὶ
734 847 813 914 θύειν
826 848 1086 939 παρακελεύεται6
1101 856 1356 934 ὀλοιιαοτοῦντας,
1371 858 1473 922 καὶτὰ

350 954 430 1048 αἷμα
444 960 493 1023 ίτιί
506 969 568 1022 τῶν
582 960 709 1049 βωμῶν7
718 960 941 1051 περιάγοντας·
963 972 1026 1037 τοῖς
1047 952 1081 1027 δὲ
1101 961 1271 1040 θαλασσίοις
1289 965 1390 1036 πτηνοὶ
1409 966 1472 1055 μέν,

351 1062 454 1146 ζῶντα
469 1059 503 1133 δὲ
517 1069 635 1159 ἀφιέναι
650 1076 690 1146 εἰς
703 1071 744 1135 τοὶ
759 1069 894 1160 κύματα,
911 1071 1046 1160 μέλαινα8
1060 1074 1116 1145 τὴν
1129 1074 1221 1162 χρόαν
1233 1074 1314 1139 ὄντα
1330 1077 1401 1164 quel
1415 1075 1473 1167 γάρ

373 1179 440 1264 (31)
478 1190 542 1256 τοῖς
557 1170 583 1243 θ’
594 1181 749 1271 ἐτέροις9
762 1182 804 1246 τὰ
817 1182 955 1262 πετεινά,
972 1180 1163 1260 θαλασσαίοις
1179 1174 1212 1249 di
1226 1184 1365 1266 κελαινά,

410 1364 433 1398 ¹²
452 1365 480 1418 Id
493 1371 533 1418 est
543 1367 638 1419 iterum
650 1372 766 1436 rogatus.
790 1367 902 1438 Saepius
916 1369 1021 1421 oracula
1033 1369 1207 1438 supplicibus,
1226 1370 1270 1439 qui
1288 1370 1319 1422 de
1334 1371 1419 1440 primo
1431 1389 1470 1425 re·

349 1468 447 1520 sponso
460 1450 619 1514 dubitarent,
632 1452 780 1520 explicandi
792 1469 873 1504 causa
884 1453 1075 1522 responderunt
1086 1454 1145 1508 alia.

420 1538 427 1569 ¹
449 1534 516 1595 ξοινά
528 1535 581 1590 OG.
596 1567 629 1576 -
641 1536 802 1606 Nicephorus
814 1538 840 1589 in
854 1537 947 1606 Synes.
956 1539 1005 1590 411
1017 1555 1038 1592 c.
1051 1537 1119 1590 Pet:
1133 1533 1168 1589 ὄιν
1179 1538 1217 1606 δέ,
1231 1537 1268 1590 ὅτι
1277 1540 1382 1611 (supple
1395 1537 1408 1592 ὃ
1419 1541 1470 1593 δαί-

348 1621 415 1690 μων)
429 1619 501 1689 poet·
515 1617 583 1672 κοινὰ
595 1638 621 1674 π.
636 1639 662 1691 χ.
676 1641 697 1671 ιι.
711 1619 857 1691 ἐπιχθονίων
869 1619 901 1673 τὰ
912 1620 1058 1693 τετράποδα.

417 1704 429 1737 ²
448 1704 492 1757 sic.
504 1705 550 1758 AV
561 1711 588 1757 et
599 1724 638 1776 γρ.
652 1705 679 1760 S.
704 1705 859 1760 Coniectura
875 1708 987 1760 assecuti
1004 1713 1065 1761 sunt
1083 1708 1206 1761 Gallaens
1224 1716 1249 1760 et
1262 1709 1381 1778 Vigerus.
1404 1711 1469 1764 Rell.

347 1787 504 1859 ἐπιχθονίων.

417 1873 429 1908 ³
447 1875 532 1943 Vulgo
545 1893 598 1928 non
610 1875 803 1946 interpungitur
815 1883 875 1947 post
886 1895 950 1947 τετρ.
968 1878 1025 1946 ligo
1038 1878 1189 1946 interpunxi
1203 1884 1230 1930 ut
1238 1878 1411 1949 Porphyrius,
1423 1881 1470 1950 qni

347 1977 430 2029 quum
448 1966 551 2012 enarret
569 1958 637 2012 κοινὰ
655 1963 750 2013 τούτοιν
768 1960 798 2013 τὰ
816 1961 967 2031 τετράποδα,
985 1964 1073 2014 vertit:
1095 1961 1158 2014 haee
1177 1963 1293 2031 utrisque
1311 1967 1469 2030 communia,

347 2045 539 2114 quadrupedes.
558 2045 721 2116 Quamquam
732 2047 856 2111 debehat,
868 2048 896 2099 ni
904 2047 989 2110 fallor,
1003 2048 1101 2101 omisso
1111 2048 1193 2100 inciso
1203 2053 1264 2116 post
1273 2049 1379 2116 μούνων,
1391 2050 1469 2102 inler-

345 2131 457 2198 pretari:
475 2131 528 2182 illis
545 2132 609 2183 eolis
626 2148 780 2184 communes
798 2138 860 2184 sunt
876 2131 926 2184 hae
944 2131 1138 2201 quadrupedes:
1156 2132 1278 2201 πρόβατα.
1307 2133 1357 2184 Pro
1375 2134 1467 2187 ultimo

345 2216 475 2268 vocabulo
487 2217 621 2269 oraculum
633 2218 724 2269 statim
735 2218 807 2286 ipsas
819 2219 920 2286 species
929 2224 1065 2287 posuerat,
1078 2218 1133 2270 sire
1144 2218 1230 2286 potins
1239 2218 1365 2286 pecudem
1376 2235 1468 2271 secun·

346 2302 408 2353 dum
427 2317 510 2353 annos
528 2301 691 2356 distinxerat.
716 2302 806 2371 Neque
822 2303 893 2354 enlm
910 2303 1013 2368 dubito,
1031 2304 1095 2372 quin
1112 2319 1202 2356 versus
1215 2308 1320 2355 secutus
1338 2305 1372 2356 sit
1389 2303 1466 2357 huius

345 2387 505 2438 sententiae:
523 2386 632 2439 infernis
645 2404 706 2439 vero
719 2386 815 2439 hoedos
828 2387 938 2440 adultos.
957 2388 994 2440 Eo
1008 2393 1034 2441 et
1046 2406 1131 2442 sermo
1144 2389 1270 2458 abruptus
1283 2394 1309 2439 et
1321 2388 1427 2458 χθονίοις
1440 2390 1467 2441 in

345 2471 421 2523 initio
439 2472 555 2540 positum
572 2471 682 2523 deducit.
713 2471 784 2534 Quae
801 2473 825 2523 si
840 2473 878 2523 ita
892 2472 1008 2535 fuerant,
1025 2475 1160 2525 oraculum
1177 2490 1229 2525 non
1247 2489 1337 2525 ornnes
1356 2473 1466 2542 quadru-

344 2556 439 2625 pedes,
457 2557 504 2608 sed
516 2573 577 2608 oves
591 2562 695 2609 tantum
707 2561 733 2609 et
744 2573 836 2626 caprae
849 2557 897 2610 diis
910 2558 1075 2609 terrestribus
1088 2562 1114 2609 et
1124 2557 1233 2610 infernis
1245 2573 1396 2610 communes
1409 2574 1467 2610 esse

344 2641 455 2695 dixerat.

414 2727 426 2759 ⁴
451 2724 557 2797 ἀρρένων
570 2727 612 2778 νέα
624 2727 696 2779 πίονα
709 2727 805 2796 )πίονας
816 2728 851 2797 Η)
864 2728 926 2780 θύειν
939 2728 997 2793 ΑΗ,
1010 2729 1056 2797 qui
1067 2730 1147 2781 verba
1159 2728 1311 2798 interposita
1323 2728 1454 2782 omittunt.

414 2812 425 2845 ⁵
448 2808 479 2862 τά
497 2811 571 2865 GFG.

413 2898 425 2930 ⁶
447 2898 518 2950 Haeo
531 2897 610 2949 verba
619 2898 777 2967 respondent
786 2901 873 2952 versui
884 2899 928 2951 142
941 2899 1016 2968 δέμας
1027 2898 1100 2960 θύσας
1110 2901 1186 2969 ζῴοιο
1196 2903 1316 2966 πετεινοῦ,
1328 2903 1385 2951 tum
1395 2895 1464 2950 ύλοκ.

342 2983 430 3035 verbis
443 2980 467 3033 ἐν
480 2982 537 3051 eropi
550 2980 638 3051 βάλλε,
651 2983 730 3036 verba
743 2983 771 3034 rh
782 2978 843 3053 αἷμα
855 2983 873 3036 ἐ.
883 3002 906 3039 τ,
918 2984 941 3053 β.
952 3002 978 3035 π.
992 2986 1078 3037 verbis
1089 2987 1164 3054 ρύνου
1175 2985 1272 3051 πλήσας
1281 2986 1360 3051 πάντη
1371 2985 1464 3056 βωμόν.

341 3068 411 3121 Tum
430 3069 496 3136 ζῷον
513 3067 614 3120 videtur
631 3069 789 3137 explicuisse
807 3070 910 3133 vivum,
927 3087 982 3122 non
999 3071 1151 3140 simpliciter
1168 3072 1275 3125 animal.
1309 3070 1384 3134 Quod
1401 3070 1466 3123 dicit
1491 3110 1494 3116 .

342 3151 424 3217 πτηνὰ
436 3151 479 3222 μὲν
501 3152 597 3222 μέλανα
614 3152 657 3219 τὴν
674 3154 753 3223 χρόαν
770 3149 843 3223 ὄντα,
859 3155 910 3208 hoo
926 3155 1038 3226 pertinet
1054 3156 1086 3207 ad
1099 3155 1129 3207 τὰ
1141 3154 1248 3223 πετεινά,
1266 3154 1424 3215 θαλασσαίοις
1437 3153 1464 3209 δὲ

343 3234 451 3289 κελαιναί.
774 3297 779 3305 ¹

412 3322 423 3357 ⁷
441 3322 485 3374 τον
498 3322 583 3392 βωμὸν
596 3322 653 3387 cl);
667 3323 709 3374 τὀν
722 3323 808 3393 βοιμον
821 3324 861 3376 κοιλ
872 3322 902 3375 rh
915 3316 976 3393 αἷμα
987 3340 1034 3393 pro
1047 3324 1075 3376 rh
1089 3317 1150 3393 alpe
1162 3323 1201 3376 ἐπὶ
1213 3327 1262 3375 τῶν
1275 3324 1368 3394 βωμῶν
1382 3325 1437 3377 ΑΗ.

413 3409 423 3443 ⁸
441 3407 489 3477 γὰρ
502 3408 628 3461 adiiciunt
639 3407 681 3461 OF
683 3408 714 3461 G.

413 3492 425 3526 ⁹
443 3493 487 3545 Sio
505 3494 598 3562 scripsi
615 3510 662 3562 pro
681 3496 731 3552 τοῖς
749 3490 775 3544 δὲ
793 3492 863 3551 θεοῖς.
890 3492 1091 3545 Praecesserunt
1107 3510 1131 3545 v.
1146 3492 1178 3544 29
1193 3498 1219 3544 et
1231 3492 1265 3545 30
1281 3493 1390 3562 χθόνιοι,
1407 3493 1424 3546 i.
1439 3510 1461 3547 e.

341 3584 478 3631 terrestres
490 3584 517 3630 et
527 3578 635 3642 inferni,
655 3579 749 3647 quibus
766 3578 880 3646 reliquos
899 3578 962 3631 deos
975 3580 1072 3648 opponi
1082 3576 1241 3647 Porphyrius
1258 3578 1286 3628 in
1298 3579 1461 3631 enarratione

340 3665 387 3717 ait.
410 3663 470 3717 Non
486 3664 601 3733 praecipi
617 3669 719 3727 autem,
736 3668 767 3715 ut
777 3661 948 3731 philosophus
966 3663 1160 3732 interpretatur,
1178 3662 1224 3714 sed
1240 3662 1341 3714 admitti
1358 3667 1462 3717 tantum

342 3750 449 3802 oraculo
458 3749 602 3801 volucrium
615 3747 743 3800 sacrificia
751 3747 880 3811 videntur,
892 3764 977 3816 neque
986 3749 1103 3799 volucres
1113 3748 1216 3817 nigrae,
1228 3753 1258 3799 nt
1269 3748 1312 3798 ille
1324 3747 1461 3817 intellegit,

341 3834 388 3887 sed
399 3834 492 3902 nigrae
504 3834 624 3885 victimae
643 3834 749 3885 omnino
762 3832 811 3884 diis
823 3833 932 3884 marinis
950 3832 1041 3884 tribui:
1059 3837 1085 3884 et
1100 3832 1132 3883 ad
1145 3830 1283 3901 τετράποδα
1299 3832 1368 3883 enim
1385 3837 1412 3884 et
1428 3831 1461 3885 ad

341 3916 439 3970 πετεινά
455 3924 483 3970 et
494 3918 527 3969 ad
539 3915 638 3968 κελαινύ
650 3934 684 3969 ex
696 3918 908 3970 anteriorioribus
921 3919 975 3985 ζῷα
992 3916 1164 3986 supplendum
1178 3923 1225 3970 est.
1246 3918 1302 3970 Ηοο
1319 3918 1342 3970 si
1357 3918 1395 3970 ita
1412 3924 1459 3984 est,

340 4004 430 4057 minus
447 4003 543 4055 mirum
561 4003 658 4055 oraculi
674 4008 850 4072 praeceptum.
878 4001 979 4069 Trittya
996 4000 1117 4070 Neptuno
1135 4017 1177 4071 ap.
1194 4003 1269 4056 Hom.
1288 4003 1335 4056 Od.
1350 4004 1389 4055 ll.
1404 4003 1461 4069 131,

341 4088 416 4157 equi,
428 4092 547 4156 utsupra
556 4087 743 4150 demonstravi,
756 4086 824 4138 tauri
832 4087 931 4155 passim
941 4086 1155 4151 immolabantur;
1168 4085 1205 4139 ύτι
1215 4087 1241 4139 δὲ
1251 4086 1338 4140 οἰκεῖον
1352 4088 1417 4157 θῦμα
1429 4092 1459 4158 τῇ

340 4169 454 4240 θαλάσσῃ
468 4169 482 4222 ὁ
495 4175 598 4240 ταῦρος,
615 4172 701 4240 inquit
710 4171 783 4224 Eust.
796 4170 829 4222 ad
841 4169 888 4225 Od.
902 4170 926 4223 3.
939 4170 969 4235 6,
982 4170 1056 4236 δηλοῖ
1067 4171 1107 4222 καὶ
1120 4171 1254 4242 Ἡρόδοτος
1267 4172 1303 4242 (6.
1315 4171 1360 4240 76)
1372 4170 1396 4222 ἐν
1409 4175 1457 4241 rep·

339 4254 539 4325 σφαγιασάμενος
557 4259 586 4325 τῇ
605 4252 715 4322 θαλάσσῃ
733 4259 823 4323 ταῦρον
841 4255 1007 4325 (Cleomenes
1023 4256 1152 4325 Thyreae,
1169 4256 1326 4326 Argivorum
1343 4255 1459 4324 oppido).

337 4342 470 4396 Homerus
482 4356 563 4410 quum
576 4339 707 4408 Odysseae
719 4340 776 4392 loco
789 4340 833 4392 illo
846 4340 983 4394 Nestorem
994 4341 1115 4410 Neptuno
1128 4341 1231 4409 ταύρους
1249 4337 1458 4407 παμμέλανας

338 4426 532 4478 sacrificantem
549 4425 641 4488 faciat,
657 4424 730 4476 Eust.
743 4424 792 4475 ait:
811 4422 851 4475 διὰ
867 4425 896 4475 τὸ
909 4425 998 4485 ὕδατος
1011 4425 1102 4494 μέλαν,
1119 4423 1206 4475 οἰκεῖον
1223 4423 1270 4492 γὰρ
1287 4422 1315 4473 τ“ο
1329 4422 1408 4492 μέλαν
1420 4428 1457 4494 τῷ

339 4510 500 4581 κυανοχαίτῃ.
519 4510 606 4564 Etiam
617 4508 667 4563 rufi
679 4509 760 4575 tauri,
772 4509 804 4562 de
817 4509 915 4579 quihus
923 4509 997 4562 Pind.
1009 4509 1084 4578 Pyth.
1096 4511 1121 4565 4.
1133 4508 1183 4562 363
1196 4508 1258 4579 (204
1266 4507 1310 4578 Β.)
1322 4504 1369 4560 ἔνθ’
1382 4507 1457 4578 ἁγνὸν
