3592 5400
679 521 720 564 ar
734 522 952 565 svocamoxru
967 520 1110 564 aermon.
1419 503 1460 566 99

336 677 383 735 los
396 652 535 754 leguntur
544 675 662 751 Pythici
676 676 722 732 rel
738 694 773 733 ex
787 677 914 734 oraculis
929 676 999 733 editi
1011 675 1287 735 Branchidarum...
1305 678 1377 736 Post
1388 678 1460 735 haec

337 786 521 864 interrogati,
536 805 574 843 an
589 805 625 844 ex
637 786 697 844 fide
710 787 846 856 sortium,
863 803 937 861 quas
952 786 1102 863 agitabant
1116 805 1151 843 ea
1166 787 1372 862 praescierint,
1386 807 1461 862 quae

339 897 534 968 sustinerent,
555 914 656 965 persus
677 896 745 956 illos
760 896 930 956 notissimos
949 896 1110 955 edidere...
1127 915 1248 972 quorum
1271 904 1331 956 tres
1353 917 1461 975 ponere

339 1008 465 1067 sufficiet
480 1007 615 1066 ultimos:

542 1109 573 1162 od
585 1109 634 1180 μὰν
646 1109 740 1176 νηποινί
752 1128 781 1180 γι
792 1110 837 1162 uba
849 1107 945 1162 ἔσσεται
958 1104 1031 1180 αἷμα·
1049 1110 1090 1163 καὶ
1106 1110 1189 1172 αὐτοῖς

544 1205 662 1274 Τισιφόνη
675 1204 807 1276 βαρύμηνις
819 1203 977 1275 ἐφοπλιόσειι
992 1203 1068 1256 κακον
1081 1199 1155 1273 οἶτον,

544 1295 568 1350 ἓν
581 1297 684 1350 aedicere
695 1298 821 1369 Μίμαντος
834 1297 1037 1369 ἀλολκομένοιοιν
1050 1295 1156 1370 'ripaei

402 1403 450 1461 Ex
464 1401 511 1459 his
527 1400 661 1459 omnibus
675 1408 810 1478 apparet,
832 1420 890 1458 non
905 1399 1042 1477 Delphici
1059 1409 1171 1458 tantum
1187 1402 1381 1479 similiumque
1397 1424 1460 1463 ora·

340 1513 469 1570 culorum
483 1511 575 1570 fuisse
590 1511 723 1570 versibus
738 1511 903 1582 vaticinari,
924 1511 976 1570 sed
990 1511 1079 1570 latius
1094 1512 1254 1571 orationem
1269 1513 1394 1572 vinctam
1409 1535 1460 1591 pa·

341 1623 432 1681 tuisse
438 1643 447 1694 ;
462 1621 563 1707 populi
579 1622 657 1680 illius
673 1622 769 1680 canori
784 1622 897 1681 animos
913 1641 950 1680 ne
964 1641 1017 1698 per
1031 1640 1165 1681 somnum
1177 1620 1294 1700 quidem
1306 1632 1336 1682 ct
1346 1634 1460 1684 noctem

339 1755 357 1792 a
375 1733 459 1812 poesi
479 1732 650 1805 recessisso;
673 1733 718 1791 vel
738 1733 977 1811 praestigiatores
999 1741 1027 1790 et
1049 1734 1269 1794 mathematicos
1289 1735 1384 1794 lacero
1404 1757 1460 1794 non

339 1844 486 1921 potuisse,
510 1843 580 1919 quin
601 1862 702 1903 versus
725 1844 894 1903 numinibus
914 1844 1041 1903 evocatis
1057 1852 1263 1920 supponerent.
1293 1846 1392 1920 Quare
1407 1847 1460 1904 mi·

340 1975 403 2012 rum
418 1973 477 2012 non
493 1953 650 2025 videbitur,
666 1954 691 2013 si
706 1954 887 2032 Porphyrius
903 1954 940 2014 iis
955 1973 1069 2030 quoque
1084 1953 1267 2024 numinibus,
1284 1975 1357 2031 quae
1372 1959 1461 2016 verba

338 2065 461 2122 fundere
481 2064 528 2121 die
549 2064 579 2122 in
602 2065 718 2142 templis
738 2064 864 2141 publicis
885 2065 996 2123 eredita
1015 2085 1073 2123 non
1089 2064 1163 2135 sint,
1187 2066 1304 2123 oracula
1319 2067 1459 2124 eiusmodi

340 2174 489 2234 tribuerit:
511 2156 547 2232 de
567 2175 669 2233 horum
690 2183 786 2233 autem
808 2176 988 2234 oraculorum
1008 2162 1138 2234 numeris
1159 2195 1195 2233 ex
1210 2177 1334 2234 solemni
1349 2177 1460 2234 divina·

339 2287 417 2345 tione
431 2285 588 2363 Apollinea
603 2285 768 2344 coniectura
782 2287 845 2345 fieri
862 2307 920 2347 non
936 2287 1030 2346 debet.

799 2538 1002 2549 ...m-

764 2763 923 2837 (tAPU'l
943 2764 1029 2838 m

527 2934 584 2996 nu
607 2934 894 2998 onacuuoaun
916 2935 1145 2999 roneurnn
1166 2935 1274 2998 amn.

404 3194 537 3253 Tandem
551 3194 739 3253 fundamenta
753 3194 830 3253 iacta
844 3213 910 3255 esse
924 3195 1009 3266 nobis
1023 3193 1166 3266 videntur,
1183 3194 1288 3271 quibus
1300 3194 1356 3252 niti
1366 3192 1461 3271 possit

339 3306 376 3363 dc
396 3306 454 3362 lide
473 3305 652 3363 oraculorum
673 3326 692 3363 a
710 3305 873 3381 Porphyrio
892 3305 1047 3362 allatorum
1066 3305 1213 3362 iudicium.
1243 3306 1330 3363 Multi
1343 3304 1460 3362 fuerunt

340 3415 514 3491 scriptores,
534 3416 688 3491 exquibus
703 3435 739 3474 ea
752 3416 868 3473 haurire
882 3422 983 3491 posset
997 3414 1203 3491 philosophus3
1225 3434 1261 3471 ne
1276 3413 1327 3472 illo
1342 3413 1459 3489 quidem

340 3534 472 3601 tempore
484 3525 604 3584 deorum
618 3526 707 3601 adyta
722 3526 847 3584 silebant
853 3545 861 3596 ;
881 3524 927 3581 vel
947 3532 1131 3582 evocatorum
1149 3523 1300 3581 numinum
1319 3541 1461 3599 responsa

340 3636 472 3694 oratione
486 3636 584 3693 vincta
601 3637 758 3713 procedere
778 3635 969 3693 credebantur
988 3642 1017 3692 et
1036 3634 1157 3692 collecta
1171 3634 1352 3705 ferebantur3
1373 3653 1410 3691 ne
1425 3653 1460 3690 ea

340 3747 458 3820 quidem
473 3754 578 3816 metra,
594 3765 668 3822 quae
683 3747 720 3805 ab
735 3745 900 3823 Apollineis
915 3745 1040 3805 oraculis
1055 3744 1152 3803 aliena
1166 3752 1263 3815 erant,
1283 3747 1321 3804 ab
1337 3743 1459 3803 somniis

340 3855 614 3933 evocationibusque
629 3857 832 3916 abhorrebant.

403 3968 445 4025 At
463 3966 560 4042 ipsum
579 3966 774 4043 Porphyrium
793 3966 892 4025 omnia
911 3966 1032 4026 finxisse
1051 3967 1232 4045 Augustinus
1251 3965 1403 4025 insimulat
1423 3966 1460 4025 de

339 4076 394 4134 civ.
411 4076 458 4133 dei
477 4078 524 4134 19.
542 4078 591 4136 23.
609 4078 641 4135 2:
660 4077 801 4151 „Viderit
817 4077 887 4152 quid
902 4077 937 4135 de
949 4076 1067 4136 Christo
1082 4086 1163 4138 vates
1178 4077 1302 4136 mendax
1312 4078 1459 4154 Apollinis

341 4180 432 4264 (apud
447 4186 555 4263 Porph.
571 4187 602 4244 in
617 4187 691 4246 libro
706 4188 742 4245 de
757 4180 892 4266 oraculis)
914 4188 1019 4248 dixerit
1037 4162 1124 4263 atque
1143 4189 1201 4247 iste
1220 4181 1352 4266 (Porph.)
1368 4187 1458 4245 credi·

409 4408 418 4441 ¹
438 4408 515 4477 Vulg.
528 4403 668 4482 ἐφοτᾷσοει,
681 4408 737 4463 cod.
750 4408 817 4463 Flor.
831 4405 977 4479 ἐφοπιιήσει,
991 4408 1106 4463 Gronov.
1119 4408 1256 4461 indecori.
1269 4404 1401 4475 ἒφοπλίσει.
1418 4442 1425 4485 3
1453 4452 1461 4484 ·.

409 4493 421 4525 ²
439 4492 483 4545 Sic
497 4492 563 4547 God.
576 4495 748 4547 Hermaunus.
771 4494 851 4547 codd.
868 4494 926 4545 αιλα
938 4494 1073 4563 καιομένοις
1086 4491 1131 4562 κάρ
1144 4499 1170 4544 et
1187 4510 1210 4542 αι
1222 4491 1325 4561 leopario
1337 4510 1391 4560 καρ.
1411 4492 1460 4575 9ιέ

341 4578 415 4630 saub.
430 4578 576 4630 coniecerat
587 4574 743 4646 ἄλαλκομένη
757 4578 799 4629 σέο
812 4582 893 4647 κῆρας.
1493 4587 1500 4595 '

1223 4676 1256 4729 7.
