3592 5400
830 535 921 579 mnu
941 535 974 578 11.
1397 519 1456 582 161

338 680 596 775 ὑποφθέγγεσθαι,
610 694 674 758 τοῖς
688 685 807 747 ἐκείνων
821 683 951 773 στόμασι
966 684 1017 745 καὶ
1032 693 1142 770 φωναῖς
1152 682 1303 772 χρώμενον
1316 683 1458 776 ὀργάνοις.

337 804 384 861 Ex
397 802 532 871 oraculo,
547 818 605 876 quo
619 800 656 858 de
669 800 797 878 agimus,
820 819 904 858 mens
919 800 1017 859 divina
1031 799 1153 859 caelitus
1168 800 1199 857 in
1214 801 1290 860 vatis
1306 810 1395 879 eaput
1409 804 1458 862 de-

337 914 423 991 lapsa
444 913 475 969 in
496 930 585 970 venas
607 930 708 971 omnes
730 930 892 987 nervosque
914 911 1086 982 effunditur,
1113 920 1142 969 et
1164 919 1256 969 totum
1278 931 1457 990 percorpus

337 1023 505 1082 descendite
520 1023 588 1080 inde
602 1023 695 1101 surgit
709 1023 852 1099 paulatim
866 1042 921 1081 vox
935 1023 1061 1080 humana
1076 1022 1208 1093 numine,
1226 1031 1337 1100 mente,
1353 1024 1459 1102 spiritu

337 1133 435 1192 divino
451 1133 569 1192 iamiam
584 1133 695 1192 inflata.
718 1131 916 1192 verbalem.
932 1132 980 1216 tp.
996 1153 1084 1209 quum
1100 1153 1156 1192 non
1173 1134 1369 1210 habeantque
1385 1135 1459 1193 rese·

337 1253 456 1316 rantur,
472 1263 586 1304 versum
601 1244 819 1303 antecedentem
835 1245 957 1303 eoniieio
974 1244 1131 1316 excidisse,
1147 1263 1204 1321 quo
1219 1245 1328 1305 halitus
1343 1244 1458 1306 divinus

336 1376 390 1432 per
403 1355 577 1415 tenerrimas
592 1355 733 1433 quasdam
748 1354 874 1414 hominis
889 1356 1074 1414 membranas
1090 1357 1120 1413 in
1134 1376 1237 1432 corpus
1254 1356 1364 1416 intrare
1381 1359 1458 1417 diee-

337 1476 432 1537 retur,
456 1468 534 1524 velut
556 1464 699 1544 Origenes
721 1465 785 1524 adv.
809 1465 928 1524 Celsum
952 1468 979 1526 7.
998 1469 1015 1526 3
1040 1466 1162 1527 Graecis
1186 1471 1355 1545 exprobrat,
1381 1467 1458 1546 quod

337 1578 477 1654 Pythiam
497 1558 672 1635 crediderint
692 1560 830 1659 δέχεσθαι
850 1579 969 1659 πνεῦμα
990 1561 1041 1634 δια
1060 1581 1122 1635 τῶν
1139 1575 1313 1662 γυναικείων
1328 1575 1458 1656 κόλπων,

338 1683 377 1771 μὴ
400 1672 452 1745 διά
472 1692 573 1772 μανῶν
593 1683 644 1745 καὶ
659 1685 780 1770 ἀφανῶν
799 1682 906 1771 πόρων.
925 1723 961 1732 -
978 1689 1085 1746 Mirum
1106 1698 1199 1761 esset,
1221 1691 1247 1748 si
1266 1692 1356 1750 restis
1377 1698 1460 1750 tanta

337 1799 439 1859 habita
454 1780 533 1857 esset
547 1798 620 1857 ratio
627 1819 635 1869 ;
656 1798 747 1857 multo
767 1799 860 1876 magis
880 1799 923 1856 rei
943 1799 1057 1857 videtur
1076 1808 1305 1859 consentaneum
1325 1821 1407 1873 esse,
1427 1810 1460 1860 ut
1476 1782 1478 1786 Ι

338 1903 441 1992 ὑμένες
456 1909 539 1986 ipsae
556 1910 626 1967 illae
645 1909 830 1967 membranae
850 1910 1044 1986 accipiantur,
1066 1917 1095 1967 et
1116 1903 1256 1992 μένέπλ
1272 1929 1329 1992 χιτ.
1344 1932 1403 1970 non
1421 1913 1459 1970 ad

337 2028 448 2079 vestem
464 2019 650 2078 divinationis
665 2020 889 2079 instrumentum
905 2019 1061 2091 referatur,
1078 2020 1128 2078 sed
1144 2021 1181 2077 ad
1194 2027 1296 2098 pectus
1310 2030 1459 2098 totumque

307 2190 311 2196 ,
338 2150 443 2208 corpus
464 2139 579 2189 tumens
594 2139 623 2188 et
642 2138 794 2201 aestuans,
815 2149 871 2207 quo
891 2129 982 2190 vestis
1002 2131 1085 2208 larga
1104 2139 1134 2190 et
1153 2132 1278 2192 remissa
1298 2132 1458 2208 expleatur,
1525 2156 1528 2163 ·

338 2242 416 2301 velut
428 2240 561 2318 Sibyllae
572 2261 619 2318 ap.
628 2240 714 2319 Verg.
725 2244 759 2300 Α.
771 2243 799 2301 6.
813 2243 869 2302 48:
885 2250 1005 2318 „pectus
1017 2242 1154 2300 anhelum
1167 2251 1196 2300 et
1207 2242 1288 2301 rabie
1298 2243 1361 2302 fera
1372 2245 1460 2304 corda

339 2361 465 2429 tument,
487 2352 636 2428 maiorque
651 2352 742 2410 videri
759 2398 765 2411 .
781 2398 787 2412 .
804 2352 913 2411 adflata
928 2361 973 2410 est
988 2354 1106 2411 numine
1121 2355 1236 2429 quando
1251 2355 1309 2412 iam
1324 2356 1459 2433 propiore

338 2461 414 2522 dei.“
443 2463 584 2523 Ascendit
605 2482 705 2522 rursus
726 2463 770 2521 vis
785 2464 884 2521 divina
898 2484 952 2540 per
967 2465 1161 2535 stomachum3
1182 2465 1208 2523 is
1231 2466 1309 2522 enim
1324 2467 1459 2544 imagini·

338 2575 391 2633 bus
407 2582 437 2632 et
451 2574 524 2633 visis
539 2573 664 2631 maxime
679 2574 818 2632 obnoxius
834 2575 995 2633 videbatur.
1024 2566 1069 2631 To*
1083 2558 1115 2631 δέ
1132 2558 1169 2639 δὴ
1185 2570 1274 2632 σίτων
1288 2593 1324 2632 τε
1339 2570 1390 2632 καὶ
1404 2593 1459 2633 πο-

337 2689 397 2743 τῶν
419 2677 634 2768 ἐπιθυμητικὸν
655 2687 710 2753 τῆς
733 2673 839 2766 ψυχῆς,
863 2685 906 2743 ait
926 2685 1013 2743 Plato
1034 2685 1112 2743 Tim.
1132 2705 1161 2762 p.
1182 2686 1221 2744 70
1243 2679 1282 2763 (p
1296 2687 1334 2745 99
1350 2680 1458 2765 Bekk.)

338 2839 361 2853 ..
383 2796 423 2865 εἰς
442 2789 483 2853 ’τά
500 2780 614 2878 μεταξὺ
635 2798 697 2851 τῶν
717 2812 752 2853 τε
780 2799 891 2878 φρενῶν
912 2792 963 2853 καὶ
984 2799 1039 2853 τοῦ
1061 2791 1133 2879 πρὸς
1154 2790 1208 2854 τδν
1230 2791 1368 2880 ὀμφαλδν
1390 2792 1459 2879 ὅρου
1508 2811 1510 2814 ·

338 2900 510 2984 κατῴκισαν
531 2898 594 2985 (dii)
616 2948 641 2962 ..
664 2889 776 2975 εἰδότες
800 2890 832 2966 δὲ
853 2902 928 2965 αὐτὸ
945 2906 983 2976 ὡς
998 2951 1023 2965 ..
1042 2902 1097 2965 ὑπὸ
1113 2950 1138 2964 ..
1160 2891 1293 2994 εἰδώλων
1313 2903 1364 2965 καὶ
1386 2924 1459 2990 φαν-

337 3009 504 3100 τασμάτων
536 3010 641 3085 νυκτύς
671 3034 707 3074 τε
740 3012 791 3074 καὶ
817 3009 881 3100 μεθ’
906 3011 1018 3101 ἡμέραν
1045 3011 1179 3101 μάλιστα
1207 3008 1459 3103 ψυχαγωγύσοιτο

342 3172 367 3185 ..
387 3120 588 3193 Φανταστική
614 3134 710 3185 autem
737 3111 860 3212 δύναμις
879 3130 1037 3187 Plutarcho
1065 3130 1101 3187 de
1132 3149 1224 3189 oracc.
1252 3129 1309 3189 def.
1336 3148 1399 3207 cap.
1418 3131 1456 3189 51

337 3259 366 3316 p.
379 3241 442 3297 438
455 3258 482 3296 a.
499 3239 600 3296 eadem
620 3245 666 3297 est
686 3257 720 3296 ac
735 3234 872 3322 μαντική.
895 3241 954 3298 Per
968 3248 1098 3298 ventrem
1122 3241 1159 3297 ad
1179 3240 1259 3297 ieeur
1273 3240 1412 3297 divinatio
1428 3258 1460 3298 se

337 3350 479 3408 extulisse
503 3349 632 3425 putanda
652 3356 706 3407 est.
745 3350 792 3407 Ita
810 3350 897 3407 Plato
918 3351 938 3407 l.
961 3368 1062 3407 comm.
1084 3350 1181 3418 addit,
1211 3351 1359 3407 stomacho
1379 3350 1461 3406 iecur

340 3460 426 3535 quasi
442 3459 543 3517 ducem
559 3460 703 3535 quendam
720 3478 786 3517 esse
802 3459 982 3534 oppositum:
997 3452 1098 3535 τούτῳ
1114 3443 1151 3522 δη
1167 3449 1234 3525 θεὰς
1247 3451 1460 3534 ἐπιβουλεύσας

338 3569 423 3648 αὐτῷ
451 3564 507 3635 την
534 3572 590 3627 τοῦ
612 3564 727 3638 ἥπατος
750 3554 831 3626 ἰδέαν
853 3555 1013 3639 ξυνέστησε
1035 3564 1086 3625 καὶ
1113 3558 1219 3632 έθηκεν
1250 3566 1289 3636 εἰς
1310 3562 1365 3631 τὴν
1384 3564 1460 3626 ἐκεί-

340 3699 391 3738 νου
411 3674 585 3745 κατοίκησιν
602 3724 641 3755 ..,
665 3674 698 3737 ἵν’
710 3679 741 3738 ἐν
756 3677 839 3757 αὐτῷ
854 3684 916 3737 τῶν
933 3664 1142 3762 διανοημάτων
1156 3676 1175 3743 η
1190 3676 1225 3735 ἐκ
1238 3657 1293 3734 τοῦ
1306 3681 1356 3735 νοῦ
1373 3694 1462 3761 φερο-

339 3784 413 3874 μένη
436 3774 572 3873 δύναμις,
600 3780 662 3848 οἷον
689 3788 720 3849 ἐν
747 3784 909 3872 κατόπτρῳ
935 3774 1085 3872 δεχομένῳ
1112 3782 1223 3857 τύπους
1247 3784 1299 3845 καὶ
1323 3773 1459 3846 κατιδεῖν

339 3885 453 3987 εἴδωλα
472 3894 645 3983 παρέχοντι,
668 3897 758 3982 φοβοῒ
776 3894 828 3983 μὲν
850 3893 925 3957 αύτύ
941 3944 966 3957 ..
981 3894 1071 3957 ἱλειύν
1090 3916 1125 3958 τε
1145 3896 1196 3957 καὶ
1216 3894 1359 3984 εὐήμερον
1378 3903 1463 3959 ποιοῒ

337 4006 394 4077 τήν
408 4006 524 4094 περὶτὰ
540 4000 619 4093 ἧπαρ
636 4002 730 4093 ψυχῆς
746 4016 850 4094 μοῖραν
866 4003 1106 4093 κατῳκισμένην,
1129 4012 1159 4069 ἔν
1180 4029 1216 4069 τε
1235 4016 1276 4091 τῇ
1295 4008 1379 4070 νυκτὶ
1395 3995 1460 4069 δια-

338 4116 444 4206 γωγῆν
463 4121 588 4203 ἔχουσαν
609 4116 893 4204 μετρίαν,μαντείορ
913 4114 1066 4203 χρωμένην
1086 4115 1153 4179 καθ’
1168 4116 1258 4180 ύπνον
1278 4166 1303 4179 ..
1325 4117 1405 4179 ούτω
1422 4105 1459 4186 δη

338 4221 556 4314 κατορθοῦντες
577 4226 683 4289 καὶτὰ
705 4228 819 4313 φαῦλον
838 4229 936 4314 ημῶν,
957 4228 1004 4289 ἵνα
1024 4225 1166 4302 ἀληθείας
1184 4251 1225 4313 πρ
1246 4208 1458 4315 προσάπτοιτο,

338 4335 530 4407 κατέστησαν
556 4340 586 4400 ἐν
607 4335 707 4419 τούτῳ
728 4336 765 4399 ed
789 4347 930 4425 μαντεῖον
951 4386 977 4400 ..
997 4341 1016 4433 ’ρ’
1039 4337 1092 4427 μέν
1118 4331 1169 4400 οὖν
1197 4336 1279 4425 φύσις
1304 4344 1359 4397 τοῦ
1380 4334 1459 4407 ἥπα·

338 4470 391 4521 τος
412 4435 463 4510 διὰ
478 4456 579 4511 ταῦτα
595 4444 721 4516 τοιαύτη
739 4470 774 4511 τε
794 4448 845 4509 καὶ
865 4451 896 4510 ἐν
915 4448 1001 4530 τύπῳ
1021 4454 1046 4530 ῲ
1066 4448 1194 4537 λέγομεν
1209 4444 1354 4532 πέφυκεν,
1375 4443 1459 4533 χάριν

340 4567 493 4645 μαντικῆς

1224 4672 1254 4724 11
