3592 5400
834 537 925 578 uasa
946 538 965 578 1.

647 682 737 769 κηρὸν
752 687 783 744 ὲν
797 685 888 769 πυρὸς
902 685 982 771 μένει

648 790 746 864 θέντες
762 793 865 854 ato‘loo
880 794 977 880 χροός·

529 908 599 965 105.
643 902 750 975 λευκὸς
764 907 843 964 ἔστω
858 903 910 965 καὶ
924 903 1030 990 μέλας,

646 1012 782 1099 χῶσπι
796 1020 854 1099 πῦρ
869 1014 1038 1100 φαεσφόρον

646 1119 791 1208 ἄνθρακος
805 1123 1020 1211 περλεηρὲνον.

647 1220 757 1319 δάμαρ
772 1230 914 1318 νερτέρων
929 1241 1023 1294 κυνῶν

647 1340 773 1429 γλόμμα
789 1330 884 1403 δεινὸν
904 1352 950 1411 τῆ
956 1366 968 1416 ς
990 1339 1103 1417 θεαῖς.8

530 1459 598 1516 110.
642 1451 764 1539 λαμπὰς
779 1456 857 1513 ἔστιν
871 1451 944 1538 πρός
958 1451 1059 1539 χέρας,

647 1562 697 1622 καὶ
712 1551 793 1647 ξίφος
807 1561 843 1623 τὸ
859 1561 1019 1648 ποίνιρ.3ν*,

646 1672 697 1731 καὶ
713 1659 830 1757 δράκων
844 1672 1025 1757 περισταλής

646 1779 809 1869 ἅρμασιν5
825 1780 915 1866 κόρην
930 1789 1055 1866 κρατῶν.

647 1880 742 1953 δεινὰν
757 1892 833 1979 ἀμφὶ
847 1899 946 1977 κραῖτα
962 1879 1071 1977 δρῦςῦ,

341 2017 428 2061 cataeo
446 2009 492 2075 agi
509 2025 557 2076 pro
579 2008 679 2060 foribus
699 2007 842 2060 condendo.
877 2006 949 2068 Quae
971 2007 1083 2059 llccatae
1106 2009 1214 2071 sacella,
1237 2014 1267 2060 ut
1290 2010 1414 2062 animalia
1431 2013 1459 2064 in

340 2094 424 2145 ianuis
436 2093 527 2155 affixa,
539 2093 624 2144 malos
636 2093 775 2144 daemones
787 2107 959 2143 averruncare
971 2092 1131 2144 videbantur.
1150 2092 1189 2145 Of.
1203 2092 1267 2144 lob.
1277 2093 1335 2161 Agl.
1349 2093 1412 2145 1336
1419 2110 1458 2163 sq.

340 2179 410 2230 Adde
432 2177 546 2245 Hesych.
570 2176 724 2245 προπυλαία,
747 2175 763 2241 ἡ
784 2175 883 2240 Ἑκάτη.
915 2177 970 2242 (Sic
994 2178 1071 2228 scrib.
1089 2194 1135 2245 pro
1153 2176 1291 2246 πρόπυλαι,
1314 2177 1383 2245 quod
1401 2179 1459 2232 cod.

339 2264 453 2331 praebet
482 2263 606 2330 Sequitur
624 2263 659 2329 gl.
677 2260 849 2329 προπύλαιος.)
879 2260 968 2320 Φύλαξ
986 2262 1034 2313 dea
1051 2268 1081 2313 ut
1098 2262 1190 2314 domus
1208 2267 1296 2313 custos
1308 2263 1458 2315 vocabatur.

340 2347 397 2399 Sch.
409 2347 519 2401 Theocr.
533 2346 557 2398 2.
573 2346 611 2398 12.
637 2346 724 2396 Etiam
736 2343 920 2415 Ἐπιπυργιδία,
940 2347 1051 2398 Hecatae
1070 2363 1216 2414 cognomen
1234 2363 1274 2415 ap.
1288 2347 1365 2400 Paus.
1381 2348 1405 2399 2.
1417 2347 1458 2401 30.

340 2432 367 2494 2,
385 2432 515 2484 aLauero
527 2437 592 2498 syst.
604 2429 713 2498 mythol.
728 2429 770 2482 Gr.
783 2430 871 2498 113011
889 2429 938 2481 huc
951 2432 1069 2483 retertur.
1097 2430 1135 2482 Of.
1148 2432 1179 2483 de
1197 2431 1346 2484 huiusmodi
1361 2448 1458 2500 cogno·

339 2517 454 2568 minibus
470 2517 584 2568 Hecatae
602 2515 701 2584 Spanh.
720 2515 753 2566 ad
772 2514 872 2567 Gallim.
890 2532 916 2582 p.
932 2514 986 2566 157.

407 2602 416 2634 ¹
436 2601 480 2653 Sic
497 2617 545 2670 pro
562 2599 603 2651 κα1
621 2599 662 2666 τὸ,
682 2599 751 2667 quod
769 2599 826 2661 All,
844 2605 870 2650 et
887 2599 928 2648 καί
946 2615 984 2665 τε,
1002 2600 1072 2666 quod
1083 2600 1138 2651 rell.
1151 2598 1225 2653 codd.
1241 2600 1379 2668 praebent,
1397 2615 1458 2653 con·

338 2687 398 2750 ieci,
426 2687 490 2755 quia
510 2683 669 2754 Porphyrius
692 2686 719 2737 in
742 2684 953 2752 interpretatione
977 2699 1064 2735 ceram
1087 2685 1205 2752 nigram,
1229 2684 1329 2749 albam,
1352 2685 1459 2739 rubram

339 2771 547 2840 componendam
565 2787 622 2823 esse
635 2772 679 2824 ait.
709 2771 776 2822 Tum
794 2775 854 2837 post
871 2768 944 2837 περλ.
963 2775 1090 2836 punctum
1107 2771 1183 2838 posui
1194 2786 1242 2838 pro
1254 2770 1347 2833 inciso,
1365 2771 1459 2823 sustuli

338 2862 466 2928 punctum
483 2860 543 2924 post
560 2861 648 2905 κυνῶν.
684 2854 760 2918 Cera,
783 2871 815 2905 ex
834 2870 885 2922 qua
902 2853 951 2905 hoc
969 2854 1137 2906 simulacrum
1158 2854 1287 2921 fingatur,
1309 2861 1365 2907 esto
1383 2856 1460 2924 nigra

338 2948 363 2993 et
381 2942 442 2993 alba
459 2946 485 2992 et
503 2946 531 2991 ut
548 2939 708 2992 rubicundus
724 2939 881 2991 ferventium
899 2940 1042 2991 carbonum
1059 2940 1136 3007 ignis.
1172 2940 1215 2991 Sic
1238 2940 1336 3008 triplici
1357 2940 1460 2994 diversa

338 3028 425 3079 colore
442 3026 503 3078 licia
519 3025 633 3078 Hecatae
651 3040 727 3076 sacra
744 3039 785 3092 ap.
804 3025 881 3092 Verg.
900 3023 963 3076 Buc.
981 3023 1005 3077 3.
1024 3023 1065 3076 73.
1084 3025 1133 3078 Cir.
1152 3024 1211 3079 371.

407 3110 419 3144 ²
437 3110 528 3178 δεῖγμα
546 3108 573 3161 0.
592 3108 725 3161 Terribilis
743 3108 805 3160 deae
827 3108 932 3161 habitus
949 3115 1031 3161 terror
1049 3116 1104 3161 esto
1122 3124 1230 3172 canum,
1253 3125 1319 3178 quos
1339 3125 1374 3160 ex
1392 3109 1458 3162 Orco

338 3211 430 3247 secum
454 3194 532 3246 ducit.
567 3193 624 3245 Nisi
647 3194 717 3245 euim
740 3193 815 3245 deam
833 3193 977 3256 horrerent,
1001 3195 1027 3245 ci
1048 3211 1101 3246 non
1122 3199 1250 3262 parerent.
1290 3194 1459 3260 Significatur

338 3281 418 3332 simul
435 3278 476 3331 his
488 3278 588 3342 verbis,
606 3295 660 3330 non
677 3277 766 3330 deesse
784 3277 844 3329 huic
855 3278 993 3329 simulacro
1011 3279 1141 3329 solemnes
1154 3277 1216 3328 deae
1235 3278 1351 3329 comites.
1381 3277 1458 3329 (lanis

338 3366 388 3417 sub
406 3365 504 3416 Hecate
521 3363 633 3415 triformi
649 3362 754 3424 sedens,
773 3363 856 3430 capite
874 3363 902 3413 in
919 3362 1001 3412 altum
1018 3378 1092 3413 verso
1111 3361 1226 3428 depictus
1245 3366 1284 3412 est
1301 3362 1370 3428 apud
1383 3362 1458 3413 Mon-

337 3450 508 3501 tefalconium
526 3464 549 3501 a.
569 3464 591 3501 e.
610 3447 650 3499 90.
669 3447 693 3510 3,
712 3464 753 3514 ap.
773 3445 934 3498 Gerhardum
952 3450 1005 3497 ant.
1017 3445 1108 3498 Bildw.
1127 3444 1253 3513 (Berolini
1271 3461 1295 3497 a.
1312 3445 1387 3512 1330)
1404 3446 1458 3499 tab.

337 3534 397 3596 307,
410 3531 525 3595 51-53;
538 3538 590 3583 tres
603 3547 681 3583 canes
694 3531 785 3583 eodem
798 3530 875 3582 modo
888 3546 930 3597 ap.
942 3529 1092 3581 Montet'alc.
1106 3527 1172 3591 90,4
1184 3534 1211 3579 et
1223 3527 1300 3580 Gerh,
1312 3528 1371 3592 314,
1382 3528 1458 3582 7-8.

408 3617 419 3650 ³
437 3617 482 3669 Sic
499 3618 592 3685 scripsi
608 3633 655 3685 pro
668 3612 786 3681 Ἑκάτης,
805 3631 885 3683 quam
902 3615 1020 3681 glossam
1036 3613 1118 3665 fuisse
1135 3619 1215 3681 patet
1249 3613 1280 3664 In
1297 3629 1387 3665 versus
1405 3614 1458 3667 fine

337 3708 467 3773 puuctum
484 3718 530 3770 pro
549 3702 631 3753 inciso
649 3701 734 3768 posui.

408 3788 420 3819 ⁴
438 3785 550 3855 φοίνιμον
567 3786 622 3839 All.
653 3782 732 3852 ῩΑορα
750 3784 878 3848 κωπήεντα
894 3783 1009 3836 Hecatae
1026 3783 1116 3834 tribuit
1134 3781 1211 3851 Orph.
1229 3783 1291 3851 Arg.
1310 3781 1367 3835 983.

409 3870 420 3903 ⁵
438 3871 529 3921 Adieci
546 3888 558 3919 ν
576 3868 676 3938 ephelk.
693 3868 852 3937 Porphyrius
871 3868 946 3935 κόρην
964 3867 1040 3935 legit,
1058 3868 1173 3937 explicat
1189 3868 1259 3919 euim
1277 3866 1331 3937 περὶ
1347 3868 1377 3931 ἢν
1394 3866 1458 3932 εἱλή-

340 3956 392 4007 eun
411 3951 518 4024 δράκων.
553 3956 638 4023 Atque
655 3955 692 4006 ita
710 3960 735 4005 et
753 3953 856 4005 oraculo
874 3952 1044 4020 praecedente
1063 3968 1162 4020 angues
1180 3953 1248 4004 circa
1263 3958 1347 4004 totum
1364 3968 1457 4021 corpus

339 4042 409 4094 volvi
427 4040 560 4102 dicuntur,
578 4038 688 4090 atheon
704 4039 731 4089 in
746 4037 841 4088 Millini
858 4037 911 4103 gal.
927 4035 1009 4104 myth.
1027 4038 1080 4091 tab.
1096 4036 1163 4089 18.4
1179 4038 1409 4106 repraesentaturi
1429 4053 1457 4088 se

339 4141 446 4195 quoque
459 4125 558 4175 clarem
570 4139 651 4175 mauu
662 4128 767 4184 teneus,
785 4137 801 4172 a
814 4121 924 4189 pedibus
937 4138 1019 4189 usque
1031 4122 1063 4172 ad
1075 4108 1172 4190 pectus¹
1184 4122 1277 4189 anguis
1295 4122 1367 4189 gyris
1384 4055 1457 4173 illo-

339 4212 418 4263 lutus.
454 4208 540 4260 Nihilo
564 4214 652 4259 tamen
674 4208 759 4259 secius
782 4212 902 4274 corrupta
924 4222 1001 4257 usum
1024 4223 1081 4258 esse
1101 4207 1211 4259 lectione
1228 4205 1412 4275 Porphyrium,
1429 4205 1457 4257 in

340 4296 447 4349 oraculo
470 4298 559 4345 autem
582 4294 644 4344 olim
668 4292 746 4359 κόμην
769 4291 851 4343 fuisse
874 4291 995 4354 arbitron
1018 4307 1103 4359 neque
1126 4292 1196 4342 enim
1218 4295 1263 4341 aut
1284 4288 1371 4356 puella
1393 4288 1457 4339 satis

339 4378 486 4432 verecunde
505 4377 553 4429 dea
571 4376 752 4445 potentissima
774 4376 914 4439 diceretur,
937 4382 983 4427 aut
1005 4376 1060 4428 filia
1085 4376 1149 4427 satis
1170 4375 1318 4443 perspicue;
1345 4388 1379 4423 ne
1395 4371 1457 4428 Pro·

340 4464 447 4533 serpina
464 4462 570 4530 quidem
586 4463 623 4513 ita
636 4461 832 4523 nominabatm,
849 4461 901 4512 uisi
917 4462 963 4512 ubi
981 4477 1040 4512 cum
1052 4466 1135 4512 matre
1152 4464 1208 4511 erat
1224 4459 1295 4511 cultu
1312 4456 1456 4512 coniuncta.

340 4549 371 4602 Iu
388 4548 502 4601 Hecatae
519 4547 603 4616 capite
621 4560 719 4615 angues
737 4546 875 4597 solemnes.
911 4544 951 4599 01.
969 4549 1024 4597 not.
1042 4559 1096 4611 seq.
