3592 5400
479 618 521 679 tt
909 635 1018 682 rores.

521 826 599 893 Ibid.
618 828 686 893 Irin.
706 833 735 894 4.
752 827 917 893 floccida
936 834 966 895 et
985 829 1121 915 sequitur
1131 828 1321 905 Hvda‘tdaa.
1344 829 1455 896 Versio

479 967 515 1032 V.
532 968 567 1032 L.
589 969 746 1054 Pptiiado
755 970 892 1053 penitam
905 991 924 1031 a
935 969 1112 1054 Ppttiade:
1132 969 1184 1034 Sic
1196 968 1287 1035 etalii
1300 975 1330 1035 et
1341 969 1455 1036 Sextus

477 1107 648 1195 Empiricos
686 1109 752 1174 adv.
786 1108 931 1175 Mathem.
965 1111 991 1175 I.
1027 1115 1099 1176 258.
1132 1108 1298 1174 Πυθιάδα
1332 1109 1455 1177 videtur

478 1248 708 1335 praeferendum.
725 1248 787 1314 ce.
806 1249 928 1337 Menag.
947 1250 984 1316 ad
998 1251 1090 1338 Diog.
1108 1250 1208 1317 Lairt.
1228 1251 1263 1317 Τ.
1283 1252 1454 1339 11.p.191.

521 1525 599 1591 Ibid.
623 1526 691 1593 Lin.
715 1532 743 1594 8.
772 1533 792 1610 ἠ
816 1536 871 1609 τῆς
896 1525 1042 1605 Ἰλιάδος
1067 1528 1205 1604 έκδοοις.
1230 1529 1288 1595 Est
1310 1528 1363 1595 illa
1387 1529 1452 1595 Ho-

476 1666 549 1731 meri
580 1664 686 1743 editio‚
719 1689 795 1751 quae
826 1667 919 1755 vulgo
950 1670 984 1731 ἐκ
1018 1674 1184 1753 νάρθηκος
1213 1668 1336 1744 dicitur,
1362 1691 1452 1754 quam

476 1804 645 1870 Alexander
675 1807 820 1892 pretiosae
851 1807 977 1872 cistulae
1007 1808 1171 1887 inclusam,
1205 1831 1319 1896 semper
1349 1831 1451 1874 secum

475 1942 594 2010 ferebat.

519 2218 597 2286 Ibid.
620 2220 689 2286 Lin.
714 2225 742 2286 8.
766 2223 805 2301 ην
831 2219 963 2286 δέδοικε.
989 2221 1089 2288 maliin
1114 2219 1226 2286 ἔδωκε.

518 2496 598 2563 Ibid.
619 2497 688 2563 Lin.
715 2503 763 2564 ll.
788 2501 854 2561 Καὶ
880 2500 921 2562 τὰ
947 2500 1078 2583 ιάτρικὰ
1102 2497 1318 2585 προβλήματα
1319 2549 1452 2566 .....

475 2687 757 2703 ..........
781 2635 978 2723 Γέγραπται
1003 2639 1150 2723 ὕστερον.
1182 2639 1222 2704 In
1244 2637 1330 2705 Vers.
1354 2638 1393 2707 V.
1414 2640 1452 2708 L.

473 2798 535 2841 non
569 2774 627 2841 hoc
657 2776 740 2852 loco,
764 2776 816 2842 sed
839 2778 917 2842 infra
940 2776 1012 2843 hacc
1035 2777 1154 2857 eadem,
1176 2779 1279 2867 paucis
1301 2781 1453 2868 exceptis,

472 2915 624 3001 leguntur.
650 2917 842 3001 “Composuit
865 2923 967 2981 actem
990 2925 1020 2982 et
1043 2917 1243 2983 medicinalia
1258 2918 1451 3003 problemata

472 3058 529 3119 etc.
561 3055 685 3140 Scripta
717 3062 819 3120 actem
850 3062 896 3121 est
926 3057 963 3119 ab
986 3079 1019 3120 eo
1041 3057 1193 3141 posterius
1216 3058 1347 3123 historia
1366 3060 1449 3144 poti·

472 3194 616 3271 tiooam.„
648 3193 707 3258 Sed
739 3194 796 3259 ista
826 3199 932 3259 auctor
955 3196 1100 3261 versionis
1123 3195 1220 3261 alieno
1242 3197 1344 3282 posuit
1366 3196 1451 3277 loco;

472 3331 545 3417 quid
569 3333 649 3397 enim
672 3331 713 3397 ibi
738 3333 890 3419 significat
909 3335 1089 3420 posterior?
1113 3338 1178 3399 tum
1202 3342 1362 3402 contextus
1386 3359 1449 3423 per·

472 3470 575 3558 spicue
605 3469 692 3536 docet
725 3469 797 3536 talis
819 3470 862 3535 ibi
886 3471 958 3536 olim
982 3494 1043 3538 non
1067 3472 1179 3559 scripta
1201 3473 1300 3539 fuisse
1324 3476 1364 3539 In
1387 3476 1450 3542 vita

471 3610 566 3676 Arist.
588 3607 813 3675 Pseud-dmm.
836 3612 854 3672 a‘
875 3612 935 3692 μέν
960 3601 1018 3675 οὖν
1039 3609 1277 3696 Ἀριστοτέλης
1302 3612 1351 3677 έτι
1376 3613 1448 3691 νέος

472 3748 518 3813 ὢν
554 3752 614 3830 τὴν
650 3752 716 3813 τῶν
754 3747 937 3833 ἐλευθέρων
974 3747 1130 3814 παιδείαν
1167 3748 1369 3831 ἐπαιδεύετο,
1405 3754 1448 3829 ὡς

473 3885 568 3971 δηλοῖ
591 3889 632 3951 τὰ
655 3886 864 3973 γεγραμμένα
888 3889 976 3972 αὐτῷ
1000 3890 1073 3972 περὶ
1098 3895 1269 3971 ποιητικῆς
1293 3892 1349 3954 καὶ
1373 3893 1447 3976 περὶ
1515 3894 1518 3900 '

472 4029 632 4111 ποιητῶν,
665 4027 714 4091 έτι
749 4027 862 4110 μέντοι
897 4031 938 4091 τὰ
973 4031 1114 4112 Ὁμήρου
1145 4026 1361 4114 προβλήματα
1393 4034 1449 4095 καὶ

473 4168 509 4229 αι’
543 4169 711 4250 ῥητορικαὶ
748 4165 873 4251 τέχναι.
911 4167 1026 4231 Noster
1060 4166 1155 4232 multa
1189 4168 1300 4255 scripta
1332 4167 1451 4236 addidit

473 4306 546 4370 varii
581 4306 712 4392 generis,
748 4314 783 4371 ut
817 4306 933 4371 scilicet
962 4306 1131 4371 ostenderet
1162 4306 1356 4373 Aristotelem
1388 4313 1448 4390 τὴν

472 4446 538 4508 τῶν
572 4441 754 4529 ἐλευθέριον
788 4443 945 4509 παιδείαν
979 4443 1222 4509 πεπαιδεῦσθαι
1245 4446 1276 4510 id
1300 4451 1346 4512 est
1371 4444 1449 4512 didi·
