3592 5400
817 643 859 707 65

768 960 903 1026 XXXV.

393 1171 471 1237 Ibid.
499 1173 542 1238 IL
575 1175 625 1238 71.
657 1173 675 1256 ᾧ
702 1176 773 1239 174.
804 1174 982 1261 interpolata
1004 1182 1076 1239 sunt
1099 1174 1199 1240 verba:
1223 1176 1324 1260 publi-

348 1335 491 1378 canorum
505 1313 639 1397 judicic.

759 1521 914 1587 XXXVI.

393 1747 469 1812 Ibid.
493 1749 553 1812 ΙΙΙ.
580 1750 630 1812 72.
654 1747 672 1830 t
699 1749 770 1813 168.
793 1747 826 1811 Si
850 1747 1018 1834 publicant,
1041 1751 1095 1813 hoc
1114 1758 1174 1825 ert,
1193 1751 1222 1813 ci
1242 1752 1325 1835 equi-

346 1896 394 1953 tes
428 1889 575 1965 Romani,
606 1888 786 1973 judicarent.
821 1888 1032 1975 Interpolatori
1064 1888 1208 1954 debentur
1239 1888 1327 1954 verba

349 2029 405 2092 hoc
428 2036 486 2104 ert,
508 2029 537 2092 εἰ
559 2030 675 2114 equites
698 2029 836 2093 Romani.

749 2251 922 2318 XXXVII.

391 2475 468 2539 Ibid.
492 2477 554 2540 III.
587 2481 637 2541 94.
663 2479 681 2562 p
707 2481 780 2541 219.
812 2477 953 2541 Insiticia
976 2475 1063 2542 verba
1086 2483 1158 2542 sunt
1177 2479 1326 2563 pecuniae

345 2638 380 2679 eo
402 2618 520 2681 nominc
543 2618 622 2702 capi.

739 2828 928 2893 XXXVIII.

390 3041 480 3127 Apud
508 3041 682 3106 Ciceronem
713 3064 767 3128 pro
797 3041 925 3106 Fonteio
956 3042 995 3108 X.
1020 3046 1038 3129 p
1063 3049 1113 3110 22.
1138 3044 1202 3109 Vos
1224 3050 1324 3110 tamen

345 3203 413 3246 cum
438 3179 535 3246 Gallis
549 3183 662 3267 jurare
683 3181 812 3257 malitis,
835 3182 952 3268 corrige
974 3190 1057 3248 ctare
1079 3205 1133 3270 pro
1147 3185 1268 3269 jurare.

755 3407 910 3471 XXXIX.

390 3620 479 3707 Apud
507 3619 678 3684 Ciceronem
710 3621 743 3685 in
773 3620 855 3684 Orat.
887 3620 930 3683 ΙΙ.
964 3618 1000 3684 de
1023 3618 1089 3707 lege
1111 3621 1226 3707 agraria
1249 3619 1321 3687 XX.

277 3779 281 3786 ·
346 3759 364 3842 t
398 3762 448 3823 53.
482 3782 570 3846 agros
603 3781 678 3843 quos
708 3769 761 3824 tuo
794 3757 893 3823 labore
923 3759 1046 3846 cepisti,
1076 3783 1132 3846 ego
1163 3783 1227 3824 mcc
1256 3760 1322 3848 lege

345 3898 477 3962 vendam.
501 3899 619 3985 supple:
643 3922 718 3984 quos
741 3906 776 3964 tc
798 3904 852 3964 tuo
874 3897 974 3963 labore
995 3899 1109 3986 cepisti.

798 4123 865 4191 XL.

387 4338 426 4402 In
447 4337 602 4402 Ciceronis
625 4338 721 4402 Bruto
744 4359 769 4403 c.
795 4341 844 4404 17.
866 4338 980 4403 Verba:
999 4346 1053 4404 “ct
1072 4340 1148 4405 adde
1167 4363 1318 4418 numeros,

343 4483 372 4541 et
394 4477 491 4564 aptior
514 4478 554 4542 sit
577 4478 695 4557 oratio„
721 4476 845 4543 delenda
868 4483 950 4543 sunt.
