3592 5400
824 522 915 564 ursus
933 524 978 564 ur.
1403 508 1463 572 183

404 676 509 738 Multis
528 676 623 737 modia
644 676 773 737 notabile
794 677 849 735 hoc
867 676 1005 736 iudicium
1026 679 1062 735 de
1078 676 1211 752 Christ03
1231 681 1365 757 idemque
1384 683 1462 759 apud

339 789 461 845 deorum
476 787 601 845 cultores
616 787 734 845 omnino
750 788 875 846 valebat.
899 787 975 847 Nam
992 789 1103 866 Phlege
1118 790 1302 861 Trallianus,
1318 787 1461 852 Hadriani

339 901 414 974 Imp.
430 897 568 968 libertus,
583 893 614 955 ἐν
629 880 867 979 τρισκαιδεκάτῳ
881 889 901 963 ἢ
917 883 1217 981 τεσσαροκοιιδεκάτω
1229 892 1311 984 οἶμαι
1321 906 1382 959 τῶν
1393 921 1462 986 χρο-

340 1012 430 1065 νικῶν
446 1003 497 1066 καὶ
507 1003 563 1074 τὴν
578 1004 643 1091 περί
653 1026 742 1065 τινων
753 1002 926 1091 μελλόντων
937 1003 1103 1095 πρόγνωσιν
1114 994 1210 1069 ἔδωκε
1222 1015 1266 1087 τῷ
1275 1004 1404 1094 Χριστῷ,
1420 1015 1462 1072 ait

338 1119 488 1198 Origenes
502 1127 604 1178 contra
616 1118 734 1178 Celsum
747 1120 776 1178 2.
791 1122 844 1190 14,
857 1120 907 1194 qui
921 1139 974 1197 per
987 1122 1178 1199 Phlegontem
1195 1120 1305 1181 Christi
1320 1124 1460 1182 vaticina·

339 1231 449 1288 tionem
464 1231 500 1288 de
511 1230 651 1288 diruenda
662 1231 834 1288 ludaeorum
845 1231 994 1308 republica
1006 1231 1155 1291 Hadriano
1169 1234 1333 1292 innotuisse
1351 1243 1459 1292 narrat.

338 1342 506 1400 Alexander
517 1338 642 1400 Severus
658 1343 688 1397 in
703 1340 811 1399 larario
823 1359 875 1400 suo
892 1341 993 1416 „divos
1006 1343 1169 1420 principes,
1185 1345 1237 1402 sed
1249 1345 1373 1420 optimos
1386 1346 1460 1401 elec·

340 1461 387 1510 tos
401 1459 433 1509 et
446 1451 561 1511 animas
572 1452 748 1520 sanctiores,
764 1451 795 1508 in
807 1451 890 1528 queis
903 1460 931 1509 et
943 1450 1149 1530 Apollonium“
1167 1448 1394 1532 (Tyanensem),
1413 1465 1460 1529 „et

339 1570 480 1638 quantum
499 1563 627 1639 scriptor
645 1581 762 1621 suorum
783 1570 944 1640 temporum
963 1564 1033 1621 dicit
1040 1608 1049 1635 ,
1076 1562 1239 1635 Christum,
1263 1565 1410 1624 Abraham
1431 1574 1460 1621 et

339 1672 491 1749 Orpheum
512 1680 541 1730 et
561 1673 759 1731 huiuscemodi
779 1674 848 1732 deos
867 1672 1013 1731 habebat“
1037 1667 1112 1751 (Ael.
1126 1676 1276 1752 Lamprid.
1288 1677 1372 1733 Alex.
1392 1673 1458 1734 Sev.

338 1784 389 1842 vit.
406 1803 471 1859 cap.
486 1775 551 1861 29),
570 1783 660 1858 „quin
675 1783 763 1840 etiam
774 1784 896 1842 ulterius
909 1783 1068 1860 procedens
1082 1784 1200 1844 Christo
1212 1787 1351 1861 templum
1365 1786 1460 1842 lacere

338 1895 431 1953 voluit
445 1913 567 1970 eumque
582 1894 659 1950 iuter
673 1895 742 1952 deos
757 1893 905 1970 recipere“
925 1887 1004 1973 (ibid.
1022 1913 1085 1970 cap.
1099 1888 1161 1972 43).
1181 1895 1227 1952 Ne
1242 1895 1381 1953 miracula
1396 1896 1459 1972 qui·

340 2007 404 2064 dem
423 2003 538 2077 christi,
559 2004 721 2083 negabant,
748 2005 800 2062 sed
826 2005 1012 2082 opponebant
1039 2005 1122 2081 quasi
1148 2024 1248 2082 parem
1271 2007 1459 2082 Apollonium

340 2117 527 2193 Tyancnsem
543 2122 651 2185 vatem,
675 2134 760 2190 quem
780 2135 839 2172 non
854 2115 968 2172 minora
984 2113 1102 2174 Christo
1123 2117 1254 2192 exegisse
1270 2116 1386 2193 vitaque
1401 2136 1458 2174 non

339 2227 435 2287 minus
455 2233 558 2286 sancta
576 2226 668 2286 fuisse
688 2227 845 2285 iactabant.
876 2225 1083 2287 Concedebaut
1104 2227 1192 2304 igitur
1207 2225 1324 2285 Christo
1344 2245 1458 2303 quoque

338 2339 469 2414 aliquam
483 2337 665 2397 divinitatem
680 2356 759 2408 esse,
783 2338 835 2396 sed
854 2338 884 2395 in
905 2339 1024 2396 heroum
1040 2338 1216 2414 deorumque
1231 2338 1374 2394 minorum
1390 2337 1458 2394 eivi-

339 2458 429 2506 tatem
444 2456 616 2533 receperunt
630 2454 659 2504 et
674 2467 692 2505 a
707 2447 884 2507 Christianis
900 2447 961 2505 vice
977 2467 1061 2506 versa
1075 2449 1277 2526 postulabant,
1299 2455 1330 2505 ut
1345 2455 1457 2506 veteres

338 2561 408 2619 deos
424 2561 548 2616 intactos
563 2559 771 2633 relinquerent.

361 2729 364 2734 ,
402 2668 532 2729 Oraoula
550 2669 603 2727 illa
623 2689 681 2727 non
700 2675 856 2746 potuerunt
876 2670 914 2727 ab
934 2668 1050 2727 homine
1072 2668 1240 2728 Christiano
1260 2668 1344 2745 fingi,
1367 2668 1457 2744 siqui·

338 2785 403 2841 dem
430 2781 614 2840 Christianos
638 2779 800 2838 dementiae
826 2783 996 2859 arguebant.
1037 2780 1140 2857 Neque
1166 2780 1323 2856 quidquam
1350 2780 1456 2849 obstat,

337 2894 407 2970 quin
430 2893 467 2951 ab
484 2891 597 2951 Graeco
619 2891 841 2972 praestigiatore
863 2892 942 2950 faeta
962 2910 1028 2950 esse
1051 2910 1234 2963 censeamus,
1258 2890 1308 2967 qui
1324 2890 1457 2947 Hecaten

338 3011 480 3064 evocaret.

402 3114 628 3191 Augustinus
643 3114 684 3171 de
699 3114 796 3171 civit.
812 3114 867 3171 dei
883 3114 961 3172 XIX
977 3132 1040 3189 cup.
1055 3116 1092 3173 22
1106 3122 1178 3171 extr.

405 3217 541 3270 Postremo
562 3216 619 3285 ipss
642 3223 682 3268 est
699 3217 776 3281 deus,
800 3233 879 3286 quem
902 3216 1068 3269 doctissimus
1089 3214 1314 3285 philosophorum,
1339 3216 1457 3282 quamvis

338 3312 546 3365 Christianorum
565 3310 705 3362 acerrimus
723 3310 858 3373 inimicus,
882 3310 962 3361 etiam
984 3326 1030 3377 per
1053 3325 1143 3360 eorum
1167 3309 1284 3370 oracula,
1307 3324 1372 3375 ques
1395 3308 1457 3359 deos

337 3410 424 3476 putat,
444 3404 521 3457 deum
538 3419 666 3472 magnum
682 3402 841 3472 Porphyrius
861 3401 1006 3453 confitetur.
1025 3401 1087 3469 Cap.
1100 3400 1141 3451 23.
1159 3399 1227 3452 Nam
1243 3401 1270 3451 in
1287 3400 1373 3462 libris,
1392 3416 1457 3467 quos

338 3497 473 3567 θεολογέων
497 3499 558 3567 (scr.
581 3500 623 3562 τῆς
645 3495 672 3547 ἐκ
694 3496 798 3565 λογίων)
822 3494 967 3564 φιλοσοφίας
991 3494 1116 3562 appellat,
1138 3494 1166 3545 in
1189 3492 1283 3562 quibus
1305 3493 1457 3560 exsequitur

337 3598 417 3662 atque
434 3591 576 3644 conscribit
592 3607 678 3642 rerum
696 3591 729 3642 ad
741 3587 933 3661 philosophiam
944 3588 1130 3658 pertinentium
1140 3589 1213 3638 uelut
1224 3586 1312 3636 divina
1323 3602 1456 3654 respousa,

337 3692 367 3738 ut
383 3687 442 3754 ipsa
458 3686 538 3737 verba
556 3684 611 3737 eius
630 3684 851 3753 quemadmodum
873 3699 906 3734 ex
930 3682 1022 3750 lingua
1044 3696 1139 3749 graeca
1161 3680 1188 3732 in
1206 3679 1315 3731 latinam
1332 3679 1456 3748 iuterpre-

337 3786 393 3837 tata
410 3785 482 3843 sunt,
499 3794 609 3849 ponam,

404 3876 650 3958 „Interroganti,“
675 3879 783 3953 inquit,
813 3878 1026 3954 „quem'deum
1045 3876 1186 3951 placando
1208 3891 1342 3933 revocare
1362 3875 1456 3951 possit

340 4009 477 4065 „uxorem
492 4009 575 4054 suam
590 4009 608 4046 a
623 3987 862 4058 Christianismo,
879 3989 950 4044 haee
965 3987 1006 4043 ait
1021 3986 1152 4045 versibus
1165 3982 1300 4062 Apollo.“

406 4110 504 4162 Deinde
521 4110 600 4161 verba
617 4110 688 4161 velut
705 4108 832 4176 Apollinis
851 4107 902 4159 ista
919 4112 992 4160 sunt:

404 4211 512 4285 „Forte
531 4189 754 4288 magis-poteris
775 4208 805 4266 in
826 4227 903 4284 aqua
928 4208 1080 4284 impressis
1106 4208 1212 4267 litteris
1238 4207 1379 4275 scribere,
1405 4213 1456 4262 aut

340 4321 501 4397 „adinflans
516 4339 627 4402 pennas
643 4321 721 4378 leves
737 4338 790 4395 per
804 4324 873 4377 aera
894 4327 926 4377 ut
945 4320 1008 4378 avis
1022 4319 1134 4388 volare,
1155 4336 1242 4396 quam
1262 4316 1389 4392 pollutae
1410 4335 1454 4373 re-

340 4451 444 4509 „voces
459 4432 565 4510 impiae
579 4430 677 4488 uxoris
690 4448 817 4489 sensum.
840 4432 963 4509 Pergat,
980 4430 1122 4506 quomodo
1134 4428 1208 4496 vult,
1224 4425 1360 4482 inanibus
1371 4425 1454 4482 falla-

340 4542 414 4621 „ciis
434 4560 638 4623 perseverans,
662 4548 691 4599 et
710 4541 967 4600 lamentat-ionibus
988 4537 1186 4599 fallacissimis
1206 4542 1349 4607 mortuum
1369 4536 1453 4597 deum
