3592 5400
601 526 643 567 ou
666 525 840 567 sncmrrcus
862 524 1047 568 vouucnnnr.
1324 501 1384 565 189

260 682 348 759 pensi
364 679 561 740 sacerdotales
576 681 732 755 praebent:
754 680 803 738 ubi
819 687 848 737 et
863 699 915 755 pro
931 678 1023 755 pelle,
1044 678 1074 734 in
1090 696 1147 753 qua
1161 676 1308 736 incubatio
1323 686 1385 735 crat

261 793 357 867 lacta,
373 800 403 850 ct
420 810 492 867 „pro
506 791 585 867 gallo
600 788 787 849 holocausto“
805 797 958 868 argentum
973 789 1090 864 aliquod
1108 788 1245 865 poscitur.

327 902 372 962 Ut
386 902 577 978 Aesculapio,
599 902 641 958 ita
660 901 728 959 aliis
751 919 865 976 quoquc
880 900 1001 958 medicis
1022 899 1188 958 numinibus
1205 901 1257 959 bas
1272 900 1385 958 hostias

262 1013 466 1082 vindicabant,
492 1012 571 1069 velut
593 1011 706 1070 Titanii
731 1031 822 1089 prope
846 1010 1000 1087 Sicyonem
1026 1012 1056 1069 in
1082 1010 1250 1088 Aesculapii
1277 1011 1385 1086 templo

263 1123 461 1182 Alexanori
483 1130 512 1180 ct
532 1122 766 1181 Euamcrioni
789 1122 936 1181 heroibus.
960 1112 1081 1178 Ὁπόσα
1103 1104 1136 1178 δὲ
1157 1123 1219 1178 τῶν
1235 1112 1386 1202 θυομένων

264 1219 491 1317 καθαγίζουσιν,
512 1217 581 1291 οὐδὲ
602 1231 720 1315 ἀπορρᾷ
736 1227 831 1314 σρίσιν
846 1225 998 1313 ἐκτέμνειν
1013 1226 1082 1300 τοὺς
1097 1225 1219 1314 μηρούς,
1239 1226 1335 1314 χαμαὶ
1353 1214 1386 1288 δὲ

264 1340 381 1402 καίουσι
392 1339 470 1409 πλὴν
481 1338 551 1412 τοὺς
562 1337 579 1400 ό
585 1335 856 1426 ρνιθας,τοότους
868 1327 901 1399 δὲ
913 1337 961 1400 ἐπὶ
970 1345 1026 1399 τοῦ
1039 1338 1149 1424 βωμοῦ.
1161 1343 1287 1412 Pausi,
1298 1345 1346 1412 11,
1358 1343 1385 1400 7.

264 1455 449 1513 Incubabant
459 1455 570 1532 aegroti
581 1456 611 1513 iu
623 1454 731 1513 Bacchi
743 1453 904 1528 Noctisque
917 1453 1073 1531 templis*;
1090 1471 1180 1528 quare
1192 1454 1324 1512 omnibus
1340 1455 1386 1512 his

266 1565 434 1624 numinibus
458 1566 576 1623 eaedem
593 1566 728 1623 victimae
747 1565 999 1623 comburebantur.
1030 1564 1170 1622 Baccho
1185 1565 1216 1622 in
1232 1565 1387 1624 caelaturis

267 1677 391 1752 lapideis
406 1696 453 1753 ap.
470 1674 652 1734 Viscoutium
666 1675 743 1734 Mus.
759 1672 974 1734 Pio-Clemeut.
988 1674 1016 1732 V
1027 1677 1115 1734 tab.8
1130 1676 1226 1753 gallus
1242 1677 1387 1736 sacritica-

267 1796 328 1859 tur;
344 1807 392 1864 ap.
409 1788 532 1844 eundem
553 1786 583 1843 in
599 1786 675 1844 Mus.
693 1784 871 1844 Claramont.
887 1786 946 1844 tab.
962 1786 1000 1844 35
1021 1786 1158 1844 sacerdos
1177 1787 1289 1846 velatus
1303 1808 1387 1864 prae·
1410 1771 1412 1775 ¹

267 1906 311 1957 ter
326 1897 419 1975 pedes
431 1905 461 1954 et
471 1897 623 1956 brachium
634 1897 784 1956 sinistmm
790 1939 799 1967 ‚
815 1897 950 1954 adstante
962 1896 1092 1966 muliere,
1108 1915 1182 1971 quae
1194 1897 1286 1955 lacem
1297 1906 1386 1968 tenet,

268 2009 378 2086 gallum
392 2008 538 2085 integrum
547 2009 578 2065 in
589 2008 647 2066 foci
660 1999 808 2089 (ἐσχάρας)
820 2008 953 2065 flammas
964 2007 1152 2084 praecipitem
1163 2007 1294 2066 immittit
1304 2027 1387 2084 prae·

269 2120 402 2180 sentibus
417 2119 533 2177 Baccho
549 2126 578 2176 et
593 2119 756 2177 comitibus.
775 2153 811 2162 —
829 2115 916 2176 Ovid.
932 2118 999 2177 fast.
1019 2120 1045 2175 1.
1062 2119 1138 2176 455:

382 2237 466 2289 nocte
481 2229 553 2287 deae
568 2230 686 2288 noctis
704 2223 753 2307 (al.
769 2222 869 2306 Nocti)
885 2228 1022 2288 cristatus
1038 2230 1168 2287 caeditur
1180 2230 1256 2301 ales,

471 2340 548 2416 quod
563 2340 693 2417 tepidum
708 2341 789 2418 vigili
804 2349 941 2417 provocat
956 2360 1005 2398 ore
1021 2341 1107 2398 diem.

272 2452 446 2527 „Laribus
458 2452 576 2510 cristam
588 2451 758 2527 promittere
769 2449 858 2528 gans*
873 2453 909 2509 de
920 2453 1047 2528 aegrotis
1058 2452 1249 2512 aitluvenalis
1259 2457 1306 2513 13.
1315 2455 1386 2515 233.

332 2561 392 2622 Sed
407 2563 466 2619 alia
480 2580 595 2637 quoque
609 2563 730 2620 numina
744 2563 845 2621 eodem
860 2581 980 2620 munere
992 2563 1221 2634 honorabantur,
1238 2565 1280 2620 ita
1290 2571 1387 2622 tamen

269 2684 299 2732 ut
319 2674 454 2752 exiguum
475 2692 540 2733 esse
559 2674 707 2732 videretur
725 2693 759 2733 ac
774 2673 870 2731 vilius.
898 2672 945 2732 Ita
959 2673 1081 2732 Lucian.
1098 2673 1134 2731 dc
1149 2674 1270 2734 sacrific.
1287 2693 1350 2752 cap.
1368 2677 1385 2735 2

269 2795 340 2844 extr.
356 2785 413 2843 ait:
430 2771 557 2855 εἰκάζειν
574 2768 606 2842 δὲ
621 2780 675 2866 ypi.
691 2776 881 2842 collisisse
896 2780 947 2841 καὶ
962 2779 1198 2867 ἀλεκτρυόνος..
1214 2780 1305 2869 μόνου
1319 2780 1387 2871 παρ’

270 2895 372 2964 αὐτοῖς
388 2888 465 2973 (diis)
483 2890 563 2953 ὤνια
585 2896 662 2955 Iovis
678 2904 750 2973 trag.
768 2915 831 2973 cap.
848 2897 884 2984 15
900 2896 1034 2972 Iuppiter
1048 2898 1193 2973 queritur,
1209 2917 1242 2956 se
1256 2900 1387 2958 ambula-

269 3010 346 3067 visse
361 3005 392 3065 έν
407 2998 600 3089 Κεραμεικῷ,
623 3001 741 3080 ἐννοῶν,
762 3007 870 3082 iuquit,
892 3003 957 3090 ἅμα
976 3011 1032 3064 τοῦ
1047 3000 1217 3073 Μνησιθέου
1239 3004 1303 3087 (τοῦ
1319 3027 1388 3067 ναυ-

269 3111 391 3200 κλήρου)
413 3111 468 3181 τάν
489 3112 712 3201 σμικρολογίαν·
739 3110 769 3186 ός
790 3101 953 3175 ἑκκαίδεκα
974 3109 1057 3187 θεοὺς
1077 3116 1182 3177 ἑστιῶν
1203 3115 1388 3202 ἀλεκτρυόνα

270 3224 359 3312 μόνον
380 3219 526 3285 κατέθυσε
546 3265 571 3279 ··
591 3224 642 3285 καὶ
661 3225 830 3306 λιβανωτοῦ
852 3212 992 3310 χόνδρους
1011 3223 1197 3310 τέτταρας..
1218 3226 1268 3287 καὶ
1287 3234 1388 3289 ταῦτα

270 3332 443 3422 ἑκατόμβας
463 3332 535 3408 ὅλας
555 3332 769 3421 ὑποσχόμενος,
796 3333 888 3396 ὁπότε
908 3337 927 3404 ἡ
948 3342 1016 3407 ναῦς
1036 3322 1094 3404 ἤδη
1119 3332 1317 3422 προσεφέρετο
1342 3344 1387 3418 τῷ

270 3443 453 3526 σκοπέλῳ..
474 3450 583 3526 Porph.
604 3450 654 3508 vit.
676 3451 800 3526 Pythag.
823 3451 877 3508 36:
907 3440 983 3505 θύων
1007 3431 1040 3505 δὲ
1066 3440 1143 3518 θεοῖς
1164 3442 1332 3532 ἀνεπαχθὴς
1351 3439 1387 3516 ἦν

270 3554 490 3639 (Pythagoras),
511 3554 645 3642 ἀλρίτυις
660 3603 685 3617 ..
701 3556 751 3617 καὶ
767 3552 861 3643 μύρρα
880 3554 950 3627 τοὺς
972 3550 1054 3629 θεοὺς
1073 3547 1314 3642 ἐξιλασκόμενος,
1335 3560 1388 3645 ε’μ-

270 3660 372 3752 ψόχοις
395 3655 420 3728 θ’
431 3664 555 3745 ἥκιστα,
576 3666 654 3735 πλὴν
674 3670 699 3727 εἰ
720 3665 761 3752 μή
783 3686 858 3728 ποτε
879 3665 1112 3753 ἀλεκτορίσιν
1133 3666 1184 3727 καὶ
1201 3675 1263 3728 τῶν
1283 3668 1387 3755 χοίρων

268 3786 333 3850 τοῖς
348 3775 571 3851 ἀπαλωτάτοις.
599 3783 785 3859 Pythagorae
799 3790 956 3859 praecepta
977 3800 1024 3859 ap.
1040 3782 1143 3841 lambl.
1159 3784 1225 3842 adh.
1242 3784 1279 3841 ad
1294 3785 1387 3862 philo·

269 3892 403 3967 sophiam
419 3893 456 3950 21
475 3912 552 3951 num.
571 3893 625 3951 24:
647 3887 834 3975 ἀλεκτρυόνα
852 3886 941 3976 τρέφε
958 3886 1020 3975 μέν,
1041 3888 1084 3976 μὴ
1101 3884 1151 3950 θέε
1168 3877 1215 3952 δέ·
1236 3889 1314 3977 μόνῃ
1330 3890 1387 3981 γὰρ

269 3998 320 4059 καὶ
334 3998 410 4079 ἡλίῳ
426 3994 604 4086 καθιέρωται
627 4011 655 4061 ct
675 4004 725 4061 vit.
742 4004 828 4085 Pyth.
848 4008 874 4063 1.
894 4005 947 4062 18:
968 3988 1046 4085 μηδὲ
1066 3999 1251 4089 ἀλεκτρυόνα
1270 4002 1387 4082 λευκόν,

269 4107 370 4182 ἱκέτης
385 4108 442 4198 γὰρ
458 4109 509 4172 καὶ
521 4119 576 4172 τοῦ
593 4108 693 4197 μηνός,
709 4122 823 4172 tantum
838 4115 922 4173 abest
937 4123 970 4172 ut
987 4116 1063 4192 apud
1078 4125 1180 4193 gentes
1196 4118 1324 4177 Graecas
1340 4138 1387 4176 va-

269 4224 391 4295 luerint,
406 4232 439 4282 ut
452 4226 595 4303 gallorum
611 4226 754 4284 sacrificia
769 4227 857 4284 etiam
872 4227 1015 4285 solemnia
1024 4228 1115 4287 fuisse
1126 4228 1333 4287 demonstrent.
1348 4261 1385 4270 -—

269 4336 381 4394 Inscr.
406 4335 531 4394 Attica
553 4337 613 4395 523
635 4336 776 4395 Boeckhii
795 4337 888 4396 fastos
909 4338 1116 4401 sacrificiorum
1137 4339 1279 4396 minorum
1300 4338 1387 4395 rusti-

269 4465 426 4522 corumque
440 4447 570 4504 continct
585 4448 639 4506 sub
654 4447 748 4524 Impp.
765 4448 907 4507 Romanis
923 4449 1083 4507 confectos:
1105 4467 1179 4522 quae
1194 4467 1229 4505 ex
1243 4449 1387 4508 meusium

338 4567 349 4588 ’
370 4566 408 4620 cf.
427 4566 458 4619 de
475 4568 572 4620 noviss.
592 4582 672 4620 oracc.
690 4572 741 4622 aet.
759 4586 785 4637 p.
798 4568 830 4620 29
843 4574 869 4620 ct
880 4568 922 4622 31.
