3592 5400
342 672 385 734 38
773 687 881 734 soils.

341 878 417 946 libro
449 883 476 945 1.
506 879 577 946 inde
606 903 623 947 e
654 884 695 946 10
726 902 820 967 nsque
849 878 886 945 nd
910 880 1000 946 finem
1027 879 1098 946 libri
1121 879 1319 969 philosophos

341 1018 474 1084 ostendit
496 1017 635 1104 οὐρανὸν
659 1016 821 1102 ἀγένητον
845 1021 938 1086 ὄντα.
964 1019 1072 1085 Versio
1095 1019 1133 1085 V.
1154 1019 1191 1084 L.
1209 1018 1317 1100 habet,

339 1158 475 1243 genium
505 1181 570 1223 esee
598 1159 720 1224 eoelum.
754 1158 837 1232 Quid
871 1159 973 1245 itaque
1003 1163 1084 1225 oerto
1114 1158 1315 1246 reponendum

343 1298 399 1375 sit,
421 1297 569 1363 incertum
592 1303 647 1362 est.
670 1299 702 1362 Si
726 1298 800 1384 quid
823 1303 923 1363 tamen
943 1299 976 1363 in
995 1320 1026 1362 re
1043 1298 1158 1364 incerte
1169 1299 1318 1384 oonjieere

342 1435 445 1513 liceat,
477 1440 512 1500 τὸ
546 1436 692 1520 κινητὸν,
724 1436 804 1522 quod
835 1437 868 1500 in
890 1441 1006 1502 textum
1030 1437 1144 1526 reoepi,
1166 1439 1232 1503 sine
1256 1438 1318 1505 nlla

343 1574 540 1640 haesitatione
561 1573 730 1662 probarem,
752 1575 809 1663 (est
829 1574 945 1640 seilicet
964 1573 1100 1659 οὐρανός
1121 1602 1153 1641 τι
1172 1575 1315 1662 ἐχόντων

344 1715 499 1798 τοιαύτην
532 1713 674 1797 κίνησιν,
708 1713 790 1777 ὥστε
820 1714 928 1796 μηθὲν
961 1707 1047 1779 εἶναι
1074 1712 1176 1799 πέρας
1200 1714 1314 1801 αὐτῆς)

343 1852 431 1918 modo
463 1850 498 1917 io
531 1858 599 1927 τοῖς
630 1855 702 1937 περὶ
728 1850 865 1935 οὐρανοῦ
893 1851 965 1918 hoio
987 1853 1063 1919 illud
1085 1851 1240 1942 epitheton
1263 1855 1316 1920 ed·

343 1991 440 2057 ditum
461 1991 650 2057 invenissem.
674 1988 795 2056 Nullibi
818 1996 918 2055 tamen
942 1991 1001 2057 elio
1022 1990 1090 2058 loco
1107 1991 1199 2058 latere
1216 1993 1249 2057 in
1269 1998 1316 2060 tot

341 2130 493 2218 tantisque
515 2129 691 2195 Aristotelis
713 2128 851 2217 operibus
875 2130 945 2215 quis
968 2131 1115 2196 affirmet?
1143 2130 1315 2217 praesertim

341 2290 435 2356 quum
465 2266 645 2355 biographus
675 2273 777 2333 noster
807 2269 925 2356 saepius
948 2269 1031 2334 looos
1052 2269 1226 2335 Aristotelis
1249 2291 1330 2357 pen.

342 2429 441 2496 peram
472 2407 562 2484 citet,
584 2412 619 2473 ut
646 2429 716 2472 mox
741 2430 767 2474 v.
790 2430 815 2472 o.
839 2405 890 2472 ubi
914 2409 989 2473 citat
1010 2410 1052 2472 τὰ
1074 2410 1190 2487 ἠθικὰ,
1214 2430 1316 2476 revera

340 2551 439 2612 nutem
470 2546 593 2633 respicit
622 2545 722 2612 locum
746 2544 782 2611 ἐν
806 2552 874 2622 τοῖς
897 2549 978 2630 μετὰ
1001 2549 1042 2610 τὰ
1067 2551 1200 2629 φυσικὰ,-
1224 2530 1313 2633 quein

341 2685 506 2752 attulimus.

383 2958 461 3025 Ibid.
493 2957 562 3025 Lin.
596 2962 645 3024 18.
678 2961 712 3025 iv
744 2966 784 3044 τῇ
815 2962 888 3046 περὶ
913 2960 1063 3046 οὐρανοῦ.
1088 2960 1179 3026 Nihil
1201 2961 1315 3029 solliei-

339 3099 463 3167 tnndnm
494 3098 642 3164 existimo.
673 3098 735 3164 crr.
758 3099 790 3163 in
813 3099 993 3188 Biogrsphis
1017 3100 1080 3166 vito
1102 3099 1314 3188 Hippocratis3

338 3238 521 3326 intelligitur
551 3235 677 3323 βίβλος.
710 3236 866 3304 Caeterum
898 3238 1054 3326 negligens
1085 3244 1131 3305 est
1157 3244 1260 3306 noster
1280 3241 1313 3306 in

339 3378 430 3464 hujus
452 3376 596 3443 formulae
619 3399 692 3457 usu,
716 3376 805 3442 modo
827 3378 862 3442 ἐν
887 3384 940 3460 τῇ,
962 3377 1050 3442 modo
1071 3379 1107 3444 ἐν
1120 3382 1201 3456 τοῖς,
1224 3379 1312 3445 modo

340 3518 375 3583 ἐν
400 3520 445 3600 τῷ
469 3514 610 3581 scribens.

383 3792 461 3859 Ibid.
484 3791 553 3857 Lin.
579 3794 630 3856 20.
654 3794 708 3855 καὶ
734 3793 791 3866 τὰς
813 3788 901 3866 ἰδέας
917 3839 1072 3855 .......
1085 3795 1166 3875 μετὰ
1186 3797 1227 3858 τὰ
1249 3822 1312 3878 gv.

340 3936 426 3997 σικά.
451 3928 518 3996 MS.
540 3930 659 3996 Inserni
683 3932 718 3995 ἐν
743 3934 823 4005 τοῖς.

383 4207 462 4274 Ibid.
484 4207 553 4273 Lin.
577 4211 618 4273 21
642 4211 673 4272 et
695 4212 746 4273 22.
769 4208 837 4271 Καὶ
861 4204 958 4271 ἄλλοι
980 4205 1050 4271 ἴδια
1067 4209 1211 4292 αἷσθητὰ
1231 4208 1313 4274 ὑπέ-

341 4346 445 4434 λαβον
477 4345 578 4421 αὐτὰς
609 4348 627 4408 o‘
641 4392 895 4408 ...........
910 4345 1084 4411 ἀθάνατον
1114 4347 1231 4413 ἵππον.
1264 4350 1314 4416 Ita

340 4489 451 4577 legitur
473 4488 505 4553 in
527 4486 594 4553 ΜΒ.
614 4486 722 4552 Versio
745 4484 782 4551 V.
803 4485 838 4550 L.
860 4492 915 4551 “et
933 4486 994 4551 olii
1006 4487 1135 4571 propria
1154 4488 1315 4554 sensibilia
