3592 5400
339 479 400 545 232
749 501 992 544 nnnmlunntun
1014 501 1042 545 v.

468 647 553 714 Ἔσθ
568 647 639 738 ὑπὲρ
656 649 790 739 οὐρανίου
806 649 938 731 κὺτεοςῑ,
954 646 1122 738 καθύπερθε
1136 651 1322 741 λελογχώςῖ,

466 750 617 852 ρλογμθς1
633 759 809 850 ἀπειρέσιος,
825 760 1010 849 κινούμενος,
1027 759 1156 836 ἄπλετος
1171 762 1258 837 αἰών·

467 877 530 936 ἔστι
551 861 576 934 θ’
590 872 633 935 at
648 871 828 960 μακάρεσσιν
843 871 1023 960 ἀμάχανος4,
1040 876 1065 934 εἰ
1081 871 1122 958 μὴ
1138 871 1245 935 ἑαυτὸν

467 982 576 1066 βουλάς
592 982 787 1066 iloulleioaput5
802 981 900 1069 πατὴρ
917 980 1025 1070 μέγας,
1041 971 1264 1057 ὡς-ὲσιθέσθαι6

409 1101 444 1161 ’5.
468 1091 607 1181 ἔνθαπερ
624 1089 695 1156 οὔτ’
711 1089 795 1180 αἰθάρ
812 1089 910 1181 ρέρει7
925 1091 1051 1181 ἀστέρας
1066 1094 1316 1183 άγλαορεγγεῒςθ,

468 1204 538 1269 οὔτε
553 1202 712 1276 σελιοναίη9
726 1200 967 1294 λιγυρεγγέτις10
982 1202 1170 1291 αἰωρεῖταιῑῑ.

341 1383 475 1436 oraculum
496 1381 666 1445 consuluerit,
692 1380 745 1433 nisi
765 1395 861 1432 nomen
883 1379 976 1432 fiotum
999 1383 1039 1430 est
1061 1379 1095 1431 ab
1112 1395 1158 1443 eo,
1183 1379 1229 1448 qui
1246 1379 1288 1432 dei
1304 1395 1461 1450 responsum

340 1466 425 1532 finxit,
444 1467 556 1519 occurrit
573 1466 660 1518 animo
678 1470 767 1517 nostro
785 1470 878 1516 sextus
895 1462 1117 1516 Antiochenorum
1133 1463 1289 1532 patriarcha,
1308 1466 1362 1533 qni,
1381 1481 1461 1534 quum

340 1556 440 1604 ueteres
458 1552 520 1604 deos
537 1552 651 1620 primum
668 1550 803 1614 coluisset,
825 1555 883 1601 tum
902 1547 1078 1600 Christianum
1098 1564 1126 1600 se
1143 1548 1261 1612 fecisset,
1283 1550 1354 1601 circa
1371 1565 1395 1601 a.
1415 1549 1460 1602 181

340 1641 392 1688 tres
410 1635 441 1687 de
460 1634 664 1688 Christianorum
682 1633 732 1686 fide
749 1635 830 1686 libros
848 1634 881 1686 ad
898 1634 1056 1700 Autolycum
1074 1633 1179 1702 scripsit
1197 1633 1252 1701 (ed.
1264 1633 1341 1687 Gonr.
1356 1633 1461 1698 Gesner,

341 1720 466 1788 'liguria
494 1719 558 1770 1516
576 1719 594 1770 1.
612 1735 696 1783 mam,
720 1719 806 1770 Folius
826 1717 912 1771 Oxon.
932 1717 996 1769 1648
1014 1716 1054 1768 eh.
1075 1717 1118 1781 12,
1136 1717 1210 1784 alii).
1232 1717 1322 1786 ibique
1341 1719 1461 1781 ostendit,

342 1801 379 1855 ύτι
397 1798 427 1853 τὰ
445 1802 498 1853 θεῖα
516 1803 590 1872 λόγια
607 1801 638 1853 τὰ
655 1800 710 1853 καθ’
728 1802 791 1871 ἡμᾶς
810 1804 977 1871 (testamenta
993 1807 1067 1853 vetus
1085 1807 1112 1854 et
1128 1803 1237 1869 novum)
1255 1800 1406 1872 ἀρχαιότερα
1423 1802 1462 1853 καὶ

342 1886 492 1956 ἀληθέστερά
510 1885 566 1939 εἰσιν
584 1885 755 1956 Αἰγυπτιακῶν
774 1887 814 1938 ael
833 1885 985 1952 Ἑλληνικῶν
1004 1885 1044 1936 καὶ
1062 1883 1159 1937 πάντων
1182 1888 1231 1937 τῶν
1250 1882 1335 1936 ἄλλων
1354 1905 1462 1956 συγγρα-

342 1971 406 2041 φέων
426 1972 536 2042 (Fabrie.
554 1973 617 2026 bibl.
638 1971 682 2026 Gr.
701 1972 725 2036 5,
747 1973 768 2037 1,
787 1972 839 2041 20),
876 1971 1046 2024 Oraculorum
1063 1987 1123 2023 eum
1140 1970 1263 2023 habuisse
1281 1971 1411 2024 rationem
1429 1988 1462 2025 ex

341 2057 445 2109 illorum
462 2058 588 2109 librorum
605 2074 630 2126 p.
650 2056 723 2109 llta
740 2061 855 2126 apparet,
873 2057 919 2110 ubi
937 2056 987 2108 duo
1000 2055 1115 2124 Sibyllae
1127 2054 1285 2125 Erythraeae
1299 2072 1390 2110 versus
1408 2057 1461 2110 lau-

342 2142 393 2208 dat,
412 2158 477 2213 quos
495 2143 574 2194 etiam
590 2141 743 2194 Lactantius
760 2143 821 2193 inst.
840 2142 890 2196 div.
909 2141 933 2205 4,
952 2141 975 2206 6,
993 2140 1009 2192 5
1027 2139 1110 2193 affert.

410 2227 421 2262 ¹
439 2226 548 2295 τοῦνομα
567 2244 617 2281 om.
631 2227 659 2278 L.
673 2225 800 2279 Steuehus
818 2226 876 2278 libr.
889 2224 914 2277 3.
932 2241 989 2295 cap.
1005 2225 1048 2278 15:
1069 2225 1201 2294 „Rogatus
1219 2241 1236 2277 a
1253 2226 1369 2296 quodam
1380 2227 1462 2282 Theo·

341 2311 420 2383 philo,
438 2328 472 2364 an
489 2313 545 2381 ipse
563 2311 627 2363 deus
646 2316 722 2375 esset,
740 2310 873 2379 respondit
890 2309 1009 2362 adhunc
1027 2310 1157 2365 modum.“

411 2398 419 2430 ¹
440 2395 477 2448 St.
496 2395 577 2463 κύτος,
595 2395 641 2447 sed
657 2396 745 2447 vertit:
764 2411 841 2464 super
859 2395 965 2447 coelesti
981 2396 1110 2449 vastitate.
1207 2424 1209 2428 ν

410 2480 421 2515 ²
440 2480 483 2534 Sic
500 2480 529 2533 L.
542 2480 592 2543 St.;
611 2477 718 2550 καθάπερ
736 2478 850 2550 λελοχὼς
868 2479 898 2531 Β.
925 2480 1015 2549 Λαχεῖν
1034 2479 1152 2532 absolute
1174 2479 1286 2544 dictum,
1308 2486 1340 2533 111
1356 2481 1399 2534 vel
1416 2480 1461 2535 flo-

341 2571 413 2618 rente
432 2566 547 2619 ora'tione
567 2565 666 2618 Graeca
683 2566 830 2635 aliquoties.
857 2565 947 2617 Verte:
966 2578 1099 2616 summum
1116 2565 1203 2616 locum
1220 2571 1322 2618 nactus.

410 2650 420 2684 ³
438 2650 569 2717 Flamma,
587 2656 616 2704 ut
634 2668 675 2722 ap.
692 2649 820 2721 Lycophr.
838 2650 914 2704 Alex.
927 2648 985 2700 641.
1014 2649 1120 2702 Initium
1140 2649 1187 2705 Ge.
1206 2648 1340 2703 Gedreuus
1358 2651 1463 2721 respicit

342 2736 401 2791 hist.
415 2754 499 2807 comp.
511 2755 536 2807 p.
549 2737 580 2789 41
592 2753 605 2789 ο
623 2737 660 2806 (p.
674 2737 706 2788 74
718 2735 825 2805 Belum
845 2731 1012 2803 ἀπεφθέγξατο
1031 2734 1224 2803 χρησμολογοῦν
1237 2735 1304 2786 οὑτω
1317 2735 1346 2786 ab
1360 2740 1461 2806 πνεῦμα·

343 2818 393 2873 ἔστι
411 2822 464 2873 κατ’
483 2821 588 2891 ούρανοῦ
608 2819 725 2891 μεγάλοιο
745 2820 859 2888 βεβηκός,
879 2819 973 2889 φλογὸς
986 2817 1140 2889 ὑπερβάλλον
1153 2821 1213 2888 (scr.
1227 2818 1338 2888 βεβηκὼς
1351 2819 1462 2891 ρλογριθς

248 2902 255 2909 ’
344 2904 529 2975 ὑπερβάλλων),
548 2906 638 2975 αἴθριον
657 2903 776 2956 ἀθάνατον
795 2910 850 2975 πῦρ.

411 2990 422 3022 ⁴
439 2990 469 3041 ln
486 2990 508 3041 B
527 2991 628 3058 glossa:
647 2987 758 3059 ἄγνωτον
777 2992 828 3049 τοῖς
847 2989 917 3049 θεοῖς.
945 2990 1056 3044 Sensus:
1074 2990 1245 3043 intractabilis
1262 2995 1302 3048 est
1313 2991 1382 3044 inter
1393 2991 1462 3057 deos,

343 3072 361 3127 i.
380 3089 403 3127 e.
422 3090 455 3125 ne
473 3074 521 3125 diis
541 3074 645 3143 quidem
663 3091 722 3126 eum
742 3091 772 3126 eo
791 3078 831 3125 est
848 3076 1041 3127 commercium.
1159 3074 1169 3107 ⁵
1188 3074 1309 3143 βουλεύση
1328 3076 1368 3130 St.

411 3158 422 3192 ⁶
440 3158 580 3211 Construe:
600 3156 619 3210 εἰ
638 3156 670 3228 μὴ
685 3158 760 3228 μέγας
773 3157 852 3228 πατὴρ
867 3158 956 3227 βουλάς
970 3158 1103 3229 βουλεύσῃ,
1122 3156 1156 3219 ὧς
1168 3157 1254 3212 ἐσιδεῖν
1267 3158 1363 3215 ἑαυτόν.
1388 3162 1463 3215 Pater

343 3258 455 3313 magnus
473 3244 536 3297 deus
554 3250 594 3296 est
610 3260 729 3296 summus
747 3244 867 3313 idemque
884 3246 964 3313 ignis.

411 3328 424 3391 ¹,
441 3326 497 3380 ἔνθα
515 3347 553 3381 κεν
566 3329 595 3394 L,
608 3326 704 3380 ένθακεν
716 3329 751 3393 Β,
769 3326 852 3380 ένθάκε
870 3329 908 3381 St.
927 3326 979 3381 οὔτ’
997 3346 1043 3399 pro
1062 3327 1117 3381 οὐδ’
1136 3337 1162 3390 et
1179 3330 1247 3401 ρέροι
1264 3349 1312 3401 pro
1326 3332 1391 3403 φέρει
1408 3334 1462 3387 Pic-

344 3413 414 3466 colos
429 3414 495 3467 coni.

411 3498 421 3533 ⁸
439 3497 612 3569 ἀγλαοφεγγῆς
624 3499 654 3551 Β.
677 3499 810 3552 Vocabulo
828 3499 877 3552 hoe
894 3501 976 3552 utitur
992 3500 1125 3553 Maximus
1143 3500 1174 3552 de
1192 3501 1316 3570 auspiciis
1333 3519 1359 3558 v.
1374 3503 1429 3556 189.

410 3583 483 3635 ⁹Sie
500 3602 547 3653 pro
570 3584 659 3653 σελήνῃ
682 3584 790 3638 Theocr.
809 3584 832 3647 2,
853 3584 909 3648 165,
931 3584 998 3637 Bion
1019 3585 1057 3648 16,
1075 3584 1100 3649 5,
1121 3584 1227 3639 Lucian.
1246 3586 1278 3638 de
1296 3586 1346 3640 dea
1363 3588 1421 3657 Syr.
1437 3589 1461 3652 4,

343 3668 430 3720 astrol.
448 3667 472 3731 3,
491 3668 532 3732 25,
549 3669 602 3723 alii.
620 3700 653 3709 —
674 3668 789 3734 σεληναάα
807 3669 846 3723 St.

411 3751 434 3784 ¹⁰
451 3750 593 3822 λιτορεγγές
611 3771 645 3814 τις
663 3753 694 3805 Β.
722 3754 777 3805 Ηοο
794 3755 951 3807 vocabulum
974 3760 1000 3806 et
1018 3754 1171 3824 μελεδησμός
1192 3752 1385 3825 ο11αἰθεροδινής
1402 3757 1462 3811 alibi

342 3851 395 3886 non
412 3837 582 3904 reperiuntur.
611 3838 763 3890 Formatum
781 3843 865 3891 estut
882 3838 983 3912 εὐνέτις,
1007 3839 1115 3908 ρυλέτις,
1134 3838 1234 3910 αἶρέτις,
1252 3839 1355 3911 εὑρέτις,
1377 3838 1460 3910 ὑλέτις,

344 3914 468 3985 ὀφειλέτις.
497 3921 570 3988 Λιγύς
592 3937 608 3973 a
631 3938 696 3975 sono
718 3924 874 3976 translatum
895 3924 929 3975 ad
951 3925 1049 3989 lucem,
1072 3929 1103 3976 ut
1120 3940 1136 3976 a
1153 3926 1210 3977 luce
1227 3925 1260 3977 ad
1279 3943 1376 3979 sonum
1392 3926 1461 3996 ὑμνοι

343 4001 476 4070 φλέγονται
493 4019 533 4072 ap.
545 4004 666 4074 Bacchyl.
683 4007 721 4071 13,
736 4008 766 4059 12
778 4007 884 4076 Bergk,
902 4008 979 4059 Παιὰν
991 4006 1082 4077 λάμπει
1099 4013 1126 4061 et
1137 4006 1234 4079 ἔλαμψε
1245 4007 1317 4081 ράμα
1329 4027 1371 4080 ap.
1383 4010 1459 4081 Soph.

343 4086 405 4139 Oed.
424 4088 483 4154 Tyr.
504 4086 551 4139 182
570 4094 596 4140 et
612 4089 675 4154 468,
702 4091 818 4155 τηλωπὺν
837 4090 896 4144 ἰωάν
913 4093 975 4146 ibid.
993 4093 1058 4149 Phil.
1076 4094 1137 4158 216,
1155 4094 1259 4149 similia.
1276 4126 1310 4136 -
1334 4095 1458 4150 Steuehus

343 4187 424 4239 quum
446 4175 542 4223 vertat:
565 4173 691 4226 obscurae
713 4175 791 4241 lucis,
815 4176 916 4240 videtur
938 4178 1108 4248 λιπορεγγέτις
1129 4180 1280 4232 coniecisse.
1320 4182 1458 4249 At-neque

341 4255 426 4309 forma
443 4257 470 4308 in
489 4256 550 4324 έτης,
569 4256 615 4317 έιις
633 4258 692 4310 inde
710 4258 770 4310 duci
786 4262 878 4328 potuit,
896 4278 980 4332 neque
993 4264 1140 4316 intellectus
1153 4269 1227 4332 aptus
1239 4265 1315 4329 foret,
1333 4266 1457 4335 siquidem

342 4345 445 4393 tantum
462 4342 537 4393 abest
555 4347 584 4395 ut
600 4342 632 4395 de
650 4342 784 4395 deficiente
801 4345 865 4396 luna
882 4362 967 4399 sermo
985 4348 1027 4411 sit,
1045 4353 1074 4400 ut
1086 4347 1219 4418 epitheton
1231 4365 1329 4403 ornans
1341 4356 1456 4420 expecte-

342 4427 392 4486 tur,
411 4426 479 4493 quod
496 4443 550 4478 non
566 4428 653 4482 minus
670 4427 737 4492 iente
754 4428 796 4493 sit,
815 4444 895 4499 quam
907 4425 1094 4501 ἀγλαορεγγεῖς.
1121 4431 1189 4484 Nam
1200 4435 1290 4488 stellas
1302 4440 1372 4489 eerte
1382 4436 1456 4488 lunae

343 4508 464 4581 splendor
480 4516 592 4582 superat.
1055 4516 1077 4552 ¹¹
1097 4514 1197 4589 αἱρεῖται
1214 4516 1245 4574 Β.
