3592 5400
341 498 401 565 186
603 490 608 495 ’
818 521 910 567 marn
930 523 973 565 m.

342 675 455 749 „colere
459 717 469 746 ,
485 693 520 733 ea
533 675 611 745 sola,
626 694 679 751 per
693 694 767 752 quae
781 675 852 735 deus
867 676 1012 746 adoratur,
1028 695 1087 735 non
1097 684 1196 755 agunt.
1218 676 1298 738 Nam
1313 679 1387 738 deus
1398 680 1461 755 qui·

341 786 439 860 „dem,
461 792 561 862 utpote
581 786 708 843 omnium
727 794 824 862 pater,
850 786 960 845 nullius
980 787 1104 865 indiget,
1130 788 1183 846 sed
1203 789 1290 848 nobis
1310 796 1359 848 est
1377 790 1459 860 bene,

342 916 425 982 „cum
446 916 510 955 eum
531 916 585 973 per
602 897 744 957 iustitiam
763 903 793 954 et
814 898 978 956 castitatem
998 898 1130 974 aliasque
1150 899 1273 958 virtutes
1293 901 1459 972 adoramus,

342 1008 454 1085 „ipsam
469 1008 558 1067 vitam
572 1027 689 1084 precem
704 1008 741 1065 ad
755 1008 853 1084 ipsum
866 1008 1008 1068 facientes
1015 1003 1036 1079 ¹,
1050 1028 1104 1086 per
1118 1009 1312 1071 imitationem
1324 1018 1354 1068 et
1365 1012 1460 1086 inqui·

341 1119 496 1194 „sitionem
511 1119 547 1178 de
562 1111 653 1198 ipsol.
683 1119 839 1196 Inquisitio
854 1120 932 1179 enim
947 1116 1086 1197 purgat,“
1103 1119 1214 1196 inquit,
1240 1121 1387 1196 „imitatio
1402 1123 1459 1181 dei-

342 1231 442 1305 „fieat‚
458 1229 642 1290 affectionem
657 1231 804 1308 adipsum
820 1222 1017 1306 operando.“³
1066 1276 1068 1281 .

401 1343 553 1401 Postremo
569 1341 627 1401 tria
640 1342 756 1401 oracula
770 1342 875 1417 affero,
896 1360 971 1417 quae
985 1341 1204 1401 Lactantius
1222 1342 1330 1401 iustitt.
1352 1347 1377 1402 l.
1397 1345 1424 1402 7.
1440 1346 1456 1402 9

339 1453 474 1528 praebet,
490 1451 532 1509 ita
547 1459 658 1522 tamen,
675 1459 779 1510 utnon
794 1453 918 1528 liqueat,
934 1460 1031 1509 utrum
1042 1471 1078 1509 ex
1087 1453 1253 1529 Porphyrio
1265 1473 1303 1512 an
1316 1473 1353 1512 ex
1364 1462 1456 1530 poste

339 1562 415 1620 riore
430 1562 611 1620 oraculorum
626 1581 745 1639 corpore
758 1563 897 1622 hauserit.
922 1563 973 1620 Ait
986 1534 1175 1622 Lactantius:

406 1672 501 1747 „Nam
522 1691 610 1748 quum
632 1665 769 1752 (Apollo)
790 1674 1033 1752 interrogaretur,
1055 1673 1197 1748 quomodo
1219 1673 1277 1733 sibi
1300 1676 1453 1753 supplicari

339 1783 441 1855 vellet,
457 1783 500 1843 ita
514 1784 677 1860 respondit:

437 1886 586 1978 πάνσοφε,
602 1878 838 1971 arietem,
854 1868 1074 1978 aohirrpopsfi
1090 1886 1230 1954 ιιέιιλυθι5
1247 1879 1366 1980 δαῖμον.

339 2007 413 2067 Item
429 2025 529 2068 rursus
545 2026 633 2084 quum
648 2000 768 2084 preces‘
783 2008 813 2066 in
827 2007 994 2083 Apollinem
1010 2003 1195 2067 Smintheum
1210 2015 1406 2084 expromeret,
1421 2007 1450 2066 ab

340 2119 394 2176 hoe
409 2137 495 2178 versu
509 2137 628 2177 exorsus
644 2126 703 2177 est:

377 2258 381 2283 ι
471 2224 593 2313 ἁρμονίη
608 2223 764 2313 ratapant,
781 2222 944 2312 φαεσφόρε,
959 2221 1113 2312 ιιιίνσοφε8
1128 2211 1244 2311 δαῖμον.

339 2338 416 2399 Nam
432 2334 478 2397 et9
492 2341 523 2397 in
538 2340 595 2399 alio
611 2358 751 2419 responso
766 2340 808 2397 ita
823 2339 908 2399 dixit:

468 2435 618 2533 δαίμονες,
635 2451 665 2508 οἳ
679 2455 802 2533 φοιτῶσι
816 2446 882 2532 περὶ
896 2442 989 2534 χθόνα
1004 2445 1055 2508 καὶ
1069 2444 1135 2533 περὶ
1149 2443 1275 2524 πόντον,

468 2554 628 2646 ἀκαμάτοιο
636 2556 660 2595 ¹⁰
676 2545 843 2646 δάμνανται
858 2556 930 2619 ὑπαὶ
945 2554 1068 2646 μάστιγι
1084 2552 1195 2620 θεοῖο.“

403 2674 485 2737 Haec
499 2674 588 2753 igitur
602 2675 719 2734 oracula
733 2674 759 2733 si
775 2693 810 2734 ex
820 2674 984 2751 Porphyrio
1000 2680 1070 2733 sunt
1083 2672 1209 2748 repetita
1214 2716 1224 2748 ‚
1239 2671 1341 2750 priora
1355 2673 1406 2731 duo
1419 2667 1447 2728 ad

340 2808 370 2865 p.
387 2787 533 2863 rto-127
551 2792 667 2846 nostras
681 2787 881 2863 pertinebant,
898 2785 1017 2844 tertium
1031 2785 1069 2843 ad
1083 2804 1112 2860 p.
1128 2784 1198 2843 150.

340 2942 428 2993 batur:
449 2939 603 3004 „daemones
621 2957 675 2992 nou
692 2942 778 2992 solum
795 2941 873 2992 nullis
892 2940 958 2993 odiis
975 2939 1090 3009 insequi,
1109 2938 1155 2989 sed
1172 2938 1254 2990 etiam
1270 2939 1384 2991 revereri
1394 2938 1449 2989 dele·

341 3029 459 3094 ιςοῐιιιιι.ιι
482 3024 552 3078 Fort.
564 3041 614 3078 scr.
628 3029 689 3076 sunt
701 3026 766 3079 ausi.
791 3024 949 3095 Porphyrius
968 3024 1055 3077 sedem
1073 3024 1231 3076 daemonum
1249 3018 1291 3076 hie
1309 3041 1364 3078 non
1381 3021 1449 3093 signi-

340 3111 414 3173 ficat3
432 3110 557 3164 minimos
572 3116 649 3162 vocat
666 3110 857 3179 comparatione
875 3127 936 3163 eum
953 3111 1003 3163 diis
1020 3110 1163 3163 maioribus
1180 3109 1258 3162 facta.

411 3197 418 3229 ¹
438 3196 457 3249 Ι.
471 3213 493 3251 e.
512 3196 550 3249 ita
566 3195 648 3250 vitam
665 3200 782 3250 nostram
799 3196 976 3261 instituentes,
999 3201 1028 3249 ut
1050 3201 1106 3248 tota
1124 3195 1200 3264 quasi
1217 3194 1304 3247 cultus
1323 3196 1365 3248 dei
1382 3192 1451 3248 conti·

341 3300 409 3338 uuus
427 3282 468 3335 sit.

410 3368 421 3401 ⁹
439 3368 502 3421 Deo.
657 3366 668 3402 ³
688 3368 731 3437 Τῷ
750 3365 855 3419 διάθεσιν
873 3366 935 3436 πρὸς
953 3365 1028 3417 αὐτον
1046 3365 1147 3435 (deuml
1165 3366 1295 3418 ποιέῖσθαι.

409 3455 421 3489 ⁴
439 3454 482 3508 Sic
495 3452 628 3519 Sedulius,
642 3453 736 3508 stood.
749 3453 886 3507 Vratislav.
901 3454 954 3523 (ap.
968 3451 997 3505 0.
1006 3451 1047 3503 Fr.
1060 3449 1231 3503 Fritzschium
1243 3452 1272 3503 in
1283 3450 1325 3506 ed.
1336 3447 1453 3504 Lutatii
1474 3475 1479 3506 ι

341 3540 402 3609 Lps.
419 3539 492 3592 1842.
505 3537 544 3591 ch.
557 3538 584 3608 8)
602 3555 663 3592 cum
680 3539 891 3608 interpretatione
908 3538 968 3607 „qui
985 3554 1032 3607 per
1049 3537 1133 3588 multa
1150 3536 1287 3601 verteris;“
1311 3536 1453 3608 πολιστρομ

342 3626 397 3679 cod.
411 3625 531 3694 Regium.
541 3631 586 3694 ap.
600 3624 686 3677 Struv.
700 3641 759 3693 opp.
772 3625 816 3676 sel.
830 3624 841 3675 l
857 3640 882 3692 p.
896 3622 953 3676 128.
989 3622 1075 3691 Vulgo
1094 3620 1278 3689 rotrodidaar',
1296 3618 1453 3689 ἐνολοίστμφε.

344 3711 437 3764 Glossa
449 3711 509 3780 „qui
517 3727 563 3780 per
572 3710 789 3763 multaversaris“
808 3708 835 3760 in
845 3708 974 3760 Lactantii
984 3707 1040 3759 edd.
1053 3712 1116 3759 vett.
1129 3711 1155 3758 et
1166 3705 1240 3758 codd.
1252 3705 1331 3761 Goth.
1342 3712 1369 3759 et
1377 3705 1452 3759 vitet.

410 3796 420 3829 ⁵
439 3795 510 3847 κλῦθι
528 3795 659 3850 Sedulius.
718 3796 850 3864 ⁶.precem
867 3791 1037 3856 Fritzsehius,
1055 3790 1207 3861 typothetae
1224 3808 1324 3857 errore,
1343 3792 1437 3863 opinor.

410 3880 420 3913 ⁷
440 3880 535 3949 κόσμον
553 3880 684 3935 Sedulius.

411 3966 421 3999 ⁸
439 3963 483 4017 Sic
501 3964 633 4030 Sedulim,
652 3965 707 4017 cod.
727 3965 842 4029 Vratisl.,
859 3963 1030 4028 Fritzschius3
1048 3980 1176 4031 πανσοφαε
1190 3962 1325 4034 Regium.;
1344 3962 1383 4014 rol
1400 3956 1453 4029 coyt

342 4050 413 4119 vulg.
568 4050 579 4083 ⁹
597 4056 627 4101 et
644 4050 775 4119 Regiom.;
794 4050 865 4118 vulg.
885 4066 936 4101 om.

400 4135 423 4169 ¹⁰
442 4134 485 4187 sic
498 4133 584 4189 Sedul.
605 4140 630 4187 et
646 4134 765 4203 Regiom.
784 4153 830 4204 pro
849 4132 978 4204 ἀκάματοι.
997 4165 1030 4173 -
1049 4132 1181 4203 δάμνονται
1192 4133 1326 4202 Regium,
1344 4129 1472 4203 dt'rpovrar¹

342 4223 414 4277 Vrat.
432 4252 467 4262 —
483 4221 552 4274 Turn
574 4218 618 4271 ὑπε
641 4225 667 4272 et
685 4219 733 4270 θεοι
750 4220 882 4287 Regium
907 4218 955 4270 ὑπὸ
979 4216 1097 4289 μάστιγος
1121 4218 1177 4269 θεοῦ
1195 4218 1300 4283 Sedet,
1323 4219 1367 4291 qui
1384 4221 1453 4269 antea

267 4326 269 4332 ·
344 4307 429 4379 cipro
448 4308 480 4359 ol.
517 4306 556 4360 cf.
574 4306 678 4358 Proculi
695 4304 785 4373 hymn.
802 4305 831 4356 in
849 4304 903 4356 Sol.
922 4304 967 4356 27:

272 4384 277 4392 ’
547 4391 695 4461 δειμαίνουσι
713 4388 739 4440 δὲ
757 4391 808 4440 σεῖο
827 4388 883 4453 θοῆς
903 4386 1021 4459 μάστιγος
1039 4385 1138 4454 ἀπειλὴν

547 4476 658 4553 δαίμονες
677 4472 812 4545 ἀνθρώπιον
831 4472 967 4543 δηλήμονες
985 4473 1136 4543 ἀγριόῦυμοι.

750 4615 1054 4632 Ρ--ᾐ--ῄ
