3592 5400
351 503 412 568 190
765 527 1009 570 nonrrnuunruu
1030 527 1051 569 1.

349 681 450 738 ordine
465 697 553 754 quum
568 680 720 756 placentas
735 681 844 739 formae
855 683 1002 757 diversae,
1018 682 1159 752 triticum,
1175 681 1331 751 hordeum,
1348 681 1470 752 fructus,

349 790 529 849 melicratum
545 797 709 862 enumerat,
725 798 786 849 tum
800 810 828 850 ν.
841 794 875 850 4:

550 885 775 985 Βοηδρομιῶνος
789 896 819 985 γί
833 894 947 984 Νέφθυι
962 899 1013 960 καὶ
1027 886 1166 985 Ὀσίρι[δι

550 1006 736 1094 ἀλεκτρυόνα

424 1143 451 1183 ν.
468 1123 523 1182 26:
545 1113 756 1206 Μουνυχιῶνος
772 1115 797 1201 β’
812 1117 951 1193 ἀπιόντος
966 1111 1069 1206 Ἡ[ρα-
1118 1165 1121 1170 -

550 1232 620 1292 κλεῒ
632 1229 683 1292 καὶ
698 1226 768 1312 θείῳ
784 1227 950 1318 ἀλέκτορας
965 1225 999 1312 β’.

346 1338 438 1414 Θεῒος
453 1353 498 1404 est
506 1345 705 1422 Eurystheus,
722 1346 879 1404 Alcmenae
893 1345 985 1403 frater
995 1345 1146 1422 patruelis.
1162 1345 1270 1403 Mirum
1282 1346 1361 1421 quod
1371 1346 1466 1424 gallus

346 1457 457 1516 duobus
469 1455 563 1515 modis
582 1455 757 1514 nominatur.
778 1456 908 1534 Longior
917 1456 1011 1514 forma
1021 1474 1109 1531 quum
1120 1456 1189 1514 inde
1200 1456 1428 1533 aXenophonte
1439 1465 1466 1515 et

345 1567 469 1625 Platone
484 1567 514 1624 in
526 1567 657 1624 oratione
669 1567 764 1624 soluta
775 1565 836 1625 iere
847 1568 986 1638 valuerit,
1003 1568 1159 1644 usurpatur
1169 1568 1205 1625 de
1217 1568 1297 1624 cultu
1307 1567 1361 1625 illo
1372 1571 1465 1646 Aegy·

345 1678 456 1753 ptiaco,
478 1677 527 1753 qui
549 1676 759 1754 posterioribus
779 1678 894 1736 demum
910 1679 1088 1755 temporibus
1103 1678 1358 1750 introducebatur;
1379 1698 1462 1755 quum

344 1807 412 1847 vero
432 1788 463 1844 in'
478 1786 568 1848 sacris
583 1795 696 1847 veteres
715 1808 752 1846 ue
766 1786 797 1846 in
810 1789 961 1848 vocabulis
976 1788 1093 1865 quidem
1108 1795 1138 1846 et
1156 1787 1291 1849 formulis
1306 1789 1461 1865 quidquam

344 1906 456 1957 mutare
470 1900 534 1958 ausi
550 1899 623 1970 sint,
638 1900 780 1959 vetustior
793 1899 886 1959 forma
899 1900 1024 1959 tortasse
1039 1901 1153 1976 probat,
1167 1897 1306 1958 Herculis
1323 1900 1461 1959 solemnia

344 2010 397 2070 illa
415 2009 576 2087 antiquitus
596 2028 662 2070 esse
680 2011 797 2070 tradita.
820 2012 868 2070 Ad
887 2011 1061 2072 sacrificium
1080 2011 1214 2088 exiguum
1229 2018 1259 2069 et
1273 2011 1461 2071 domesticum

344 2121 458 2180 Aeliau.
475 2122 511 2179 dc
526 2130 587 2179 nat.
603 2121 691 2179 anim.
709 2123 737 2181 5.
755 2122 793 2181 28
810 2121 951 2199 pertinet:
972 2117 1023 2179 καί
1041 2137 1117 2180 ποτε
1138 2119 1243 2203 ἑορτῆς
1264 2114 1428 2191 ἐπιστάσης
1447 2119 1459 2177 ὁ

345 2216 494 2300 δεσπότης
507 2227 561 2289 τόν
575 2226 761 2315 ἀλεκτρυόνα
775 2223 949 2302 καταθύσας
965 2224 1099 2297 εἱστιάθη
1114 2226 1166 2289 σὺν
1179 2236 1244 2301 τοῖς
1259 2227 1385 2302 οἰκείοις.
1419 2246 1421 2249 ·

407 2342 493 2418 Apud
513 2343 690 2401 Romanos
710 2343 805 2420 gallus
826 2342 1046 2402 sacrificabatur
1065 2342 1251 2401 Bellonae.
1297 2344 1374 2402 Eius
1389 2343 1457 2402 enin

343 2452 414 2512 deae
429 2453 616 2513 simulacrum
630 2453 662 2510 iu
677 2454 824 2512 caelatura
838 2452 956 2531 lapidea
969 2472 1052 2525 arae,
1069 2471 1143 2529 quae
1158 2454 1188 2511 in
1201 2454 1274 2512 villa
1283 2454 1457 2514 Albanorum

343 2572 401 2638 est,
417 2572 487 2624 ante
498 2584 618 2642 parvum
628 2564 723 2623 iocum
740 2555 889 2648 (ἐσχάραν)
906 2573 1034 2624 erectum
1045 2573 1103 2637 est:
1117 2566 1213 2644 gallus
1225 2564 1324 2642 capite
1336 2565 1455 2633 absciso,

343 2677 423 2738 cuius
439 2696 476 2736 ne
490 2677 580 2755 pedes
596 2677 712 2753 quidem
727 2684 884 2754 apparent,
906 2675 1042 2737 deorsum
1063 2694 1165 2737 versus
1187 2675 1219 2735 in
1237 2675 1337 2755 ignem
1357 2676 1455 2736 imuit·

341 2789 414 2846 titur
429 2781 672 2866 (Wmclrelmanni
687 2808 763 2847 mou.
779 2788 857 2846 iued.
873 2788 888 2846 I
902 2808 981 2848 num.
995 2789 1034 2847 29
1051 2808 1080 2865 p.
1094 2780 1156 2867 36).

405 2898 505 2957 Etiam
520 2899 632 2957 artibus
647 2899 768 2977 magicis
779 2899 851 2977 galli
861 2898 1070 2958 inserviebant.
1092 2902 1208 2958 Aeneas
1224 2898 1299 2959 Gaz.
1312 2898 1453 2977 Theophr.

341 3027 370 3084 p.
385 3008 424 3066 20
440 3007 553 3066 Boiss.:
574 3003 625 3065 καὶ
639 3002 697 3090 μην
711 3002 793 3091 παρά
807 2993 973 3079 Χαλδαίοις
994 3005 1045 3067 καὶ
1057 3002 1229 3094 Αἰγυπτίοις
1249 3004 1301 3067 καὶ
1315 2998 1454 3076 Ἕλλησιν

342 3117 370 3176 οἱ
384 3112 439 3188 τάς
452 3111 579 3186 τελετάς
593 3113 761 3202 ἀγείροντες
775 3116 826 3177 καὶ
839 3113 996 3204 γοητεύειν
1017 3124 1079 3178 τῶν
1097 3112 1193 3178 πάλαι
1211 3115 1454 3186 τελευτησάντων

340 3224 395 3300 τάς
411 3219 506 3313 ψυχάς
520 3222 778 3314 ἐπαγγελλόμενοι
791 3274 797 3288 .
810 3274 831 3304 .,
854 3226 1056 3312 ἀλεκτρυόνας
1071 3223 1190 3300 θύοντες
1204 3226 1256 3288 καὶ
1269 3236 1454 3315 χαρακτῆρας

341 3334 565 3426 ὑπογράφοντες
579 3334 700 3425 λέγουσι
715 3333 947 3424 προσκαλεῖσθαι
962 3337 1013 3400 καὶ
1028 3326 1182 3415 δεικνύναι
1205 3342 1310 3401 Iambl.
1325 3342 1362 3401 de
1373 3349 1453 3418 myst

340 3454 464 3531 Aegypt.
478 3454 506 3512 5.
521 3454 554 3512 8:
570 3442 589 3518 ἢ
606 3445 695 3536 μέλος
710 3451 749 3522 ὡς
764 3448 812 3510 ἐπὶ
826 3457 881 3521 τῆς
895 3436 1017 3535 καρδίας
1031 3456 1086 3510 τοῦ
1102 3445 1315 3535 ἀλεκτρυόνος,
1337 3444 1357 3518 ἢ
1380 3445 1454 3510 άλλα

261 3625 263 3630 ,
339 3558 407 3620 τινά
420 3566 549 3622 τοιαῦτα
563 3567 624 3620 τῶν
638 3558 704 3645 περὶ
718 3558 773 3629 τὴν
787 3556 870 3645 φύσιν
888 3554 1092 3646 θεωρημάτων
1107 3562 1147 3631 ὡς
1162 3560 1244 3619 αἴτια
1263 3566 1321 3632 τῆς
1342 3561 1373 3622 ἐν
1394 3566 1454 3629 ταῖς

341 3665 451 3744 θυσίαις
473 3669 654 3758 ἀπεργασίας
676 3666 889 3752 (efficacitatis)
911 3660 1089 3757 λογίζονται.
1116 3673 1282 3732 Pausanias
1304 3666 1346 3752 (2.
1364 3676 1413 3733 34.
1429 3664 1453 3745 3)

339 3786 486 3844 Methanis
506 3786 536 3842 in
557 3786 668 3844 Isthmo
689 3785 818 3843 Africum
840 3792 958 3843 ventum
977 3784 1021 3841 ita
1039 3783 1223 3842 averruncari
1242 3784 1332 3856 vidit,
1352 3791 1386 3842 ut
1403 3783 1453 3841 duo

340 3894 394 3951 viri
409 3895 540 3971 singulos
560 3896 656 3973 gallos
671 3897 753 3955 albos
765 3895 901 3954 dimidios
913 3894 991 3953 circa
1005 3894 1120 3952 moenia
1133 3902 1285 3971 portarent
1299 3904 1453 3980 posteaque

341 4005 508 4082 sepelirent.
537 4003 650 4065 Seneca
664 4014 723 4066 nat.
740 4014 851 4082 quaest.
866 4008 895 4065 4.
910 4008 937 4065 6.
954 4009 985 4063 l:
1004 4005 1097 4079 „illud
1113 4005 1300 4077 incredibile,
1318 4001 1451 4066 Cleonis“

340 4110 425 4195 (quae
440 4115 587 4193 Argolidis
601 4116 798 4191 Phocidisque
816 4118 925 4194 oppida
944 4109 1038 4193 erant)
1063 4115 1173 4189 „fuisse
1198 4117 1316 4193 publice
1336 4134 1453 4194 praepo·

340 4228 411 4287 sitos
437 4211 704 4311 χαλαζορύλακας,
735 4228 933 4304 speculatores
960 4227 1074 4285 futurae
1104 4226 1265 4304 grandinis.
1302 4226 1344 4284 Hi
1369 4244 1451 4303 quum

339 4339 455 4415 signum
472 4337 636 4408 dedissent,
659 4337 762 4395 adesse
780 4337 838 4393 iam
854 4338 1024 4414 grandinem
1040 4382 1047 4397 .
1063 4380 1086 4408 .,
1107 4356 1160 4413 pro
1181 4356 1214 4395 se
1234 4337 1360 4413 quisque
1380 4336 1451 4394 alius

339 4468 445 4525 agnum
459 4449 643 4519 immolabat,
659 4448 734 4507 alius
750 4448 894 4525 pullum.
922 4448 1062 4506 Protinus
1082 4456 1179 4507 autem
1195 4447 1266 4506 illae
1288 4450 1380 4506 nubes
1397 4445 1450 4502 alio

339 4558 534 4632 declinabant,
551 4580 639 4637 quum
654 4559 765 4635 aliquid
778 4536 949 4637 gustassent
963 4554 1147 4638 sauguinis.“
