3592 5400
613 500 643 543 π.
654 498 681 539 τ.
693 480 728 541 ts
742 477 852 567 λογίων
867 480 927 565 orl„
941 498 1083 541 mrross.

626 645 747 731 Βιβλίον
762 641 796 731 β’.
817 644 893 736 Περὶ
908 636 1068 735 δαιμόνιον.

350 785 426 874 Περὶ
441 775 590 874 δαιμόνων
605 780 735 874 ἀγαθῶν.

349 895 425 983 Περὶ
441 885 591 984 δαιμίνων
604 904 747 984 πονηρῶν.

350 1004 425 1095 Περὶ
438 979 495 1081 τίς
508 1015 676 1095 πρακτικῆς
691 1003 847 1095 beemots,
861 1006 988 1068 καὶτῶν
1002 1004 1187 1096 ἐπανάγκων.

350 1116 425 1206 Περὶ
438 1127 494 1192 τῆς
508 1117 712 1207 ἀστρολογίας.

350 1224 425 1318 Περὶ
437 1237 494 1303 τῆς
509 1226 692 1317 εἱμαρμένης.

648 1396 766 1481 Βιβλίον
781 1393 817 1488 γ’.
839 1397 916 1488 Περὶ
929 1399 1041 1487 ἡρώων.

350 1535 408 1598 Διά
422 1537 452 1598 τί
467 1524 629 1620 ψεύδονται
643 1535 737 1598 ἐνίοτε
753 1539 780 1597 οἱ
794 1533 863 1598 θεοί

349 1653 408 1726 Qui
424 1652 484 1710 sint
498 1652 611 1709 heroes.

350 1755 425 1844 Περὶ
438 1754 578 1844 Χριστοῦ.

349 1866 424 1958 Περὶ
438 1877 493 1943 τῆς
507 1864 693 1955 Χριστιανῶν
708 1869 815 1942 ἀνοίας.

743 2090 947 2102 m

717 2316 875 2390 CAPUT
901 2317 966 2403 Ν.

371 2489 444 2564 om
459 2447 714 2548 scanronns
729 2487 920 2548 mannas
935 2488 1112 2550 nnonnn
1128 2489 1323 2562 cascum
1362 2472 1364 2476 ’
1403 2468 1405 2473 '

690 2598 996 2679 conuncnarnr.
1079 2685 1088 2694 ἢ

349 2867 447 2949 Quum
466 2875 758 2946 consideraverimus,
784 2891 859 2952 qnae
880 2874 955 2934 ratio
976 2876 1055 2933 inter
1075 2876 1348 2935 commentationem
1366 2878 1403 2935 ds

282 2987 409 3046 oraculis
425 2992 455 3043 et
469 2987 596 3063 reliquos
610 2987 767 3063 Porphyrii
787 2987 879 3047 libros
899 2987 1114 3059 intercesserit,
1134 2987 1193 3046 iam
1212 2989 1404 3065 spectandum

283 3105 345 3169 est,
366 3116 439 3173 quos
462 3097 514 3155 ille
535 3098 566 3153 in
582 3098 707 3155 oraculis
723 3098 893 3176 colligendis
909 3106 1108 3158 antecessores
1124 3100 1258 3158 habuerit
1273 3106 1401 3177 atquem

282 3210 379 3267 locum
390 3209 419 3265 in
432 3209 487 3266 hac
498 3208 660 3266 litterarum
672 3208 850 3269 Graecarum
862 3218 945 3286 parte
957 3218 1063 3268 toneat.
1077 3210 1294 3269 Porlustramus
1306 3218 1403 3269 autem

283 3320 347 3378 eius
366 3320 482 3397 generis
502 3320 659 3396 scriptores
679 3341 712 3378 oo
733 3320 885 3391 libentius,
912 3321 990 3395 quod
1009 3321 1138 3378 nondum
1162 3322 1201 3378 ad
1222 3338 1402 3379 communem

283 3449 437 3489 recensum
459 3439 528 3489 sunt
550 3431 658 3501 vocati,
685 3450 858 3507 quamquam
885 3430 1002 3507 longam
1023 3430 1205 3487 saeculorum
1227 3430 1332 3488 seriem
1354 3426 1404 3489 exss

283 3543 376 3617 plent.
419 3539 498 3599 Nam
519 3548 552 3597 ut
573 3549 654 3600 vates
676 3542 804 3611 mittam,
831 3541 881 3617 qui
904 3539 1117 3614 antiquissimis
1138 3540 1197 3597 iam
1222 3541 1402 3616 temporibus

283 3652 402 3710 deornm
418 3652 535 3709 oracula
547 3652 670 3711 Graecis
685 3652 962 3729 interpretabantur,
979 3649 1156 3715 Calchantes
1171 3650 1238 3709 illos
1250 3650 1335 3727 quive
1349 3650 1402 3709 alii

283 3763 400 3839 publice
416 3782 434 3820 a
449 3762 509 3820 suis
522 3764 645 3838 quisque
657 3764 767 3822 civibus
780 3763 815 3819 de
826 3780 858 3819 rc
870 3761 969 3819 divina
981 3761 1057 3819 domi
1070 3761 1305 3834 consulebantur,
1321 3781 1401 3821 exer-

283 3873 358 3931 citus
381 3872 412 3929 in
435 3872 562 3931 hostium
584 3873 657 3950 fines
680 3875 907 3944 comitabantur,
930 3890 995 3930 cum
1017 3872 1128 3931 colonis
1150 3872 1182 3930 in
1204 3892 1293 3931 novas
1316 3873 1401 3933 sedes

281 3984 463 4061 migrabant,
479 3990 512 4041 ut
525 3984 579 4043 hos
594 3984 682 4061 igitur
696 3984 827 4053 mittam,
842 3982 900 4040 iam
916 3980 1124 4042 Onomacritus
1141 3984 1334 4043 nominandus
1346 3993 1400 4055 cst,
1454 4038 1460 4049 ,

282 4095 332 4171 qui
348 4101 464 4153 vetusta
479 4095 596 4152 oracula
610 4114 694 4153 suum
708 4095 739 4152 in
755 4113 838 4153 usum
855 4095 1026 4172 collegerat,
1042 4094 1185 4172 siquidem
1201 4114 1298 4154 coram
1307 4095 1401 4154 Dario

283 4226 319 4263 ea
338 4205 441 4283 elegit,
465 4223 540 4281 qnae
559 4205 620 4282 regi
639 4205 768 4281 propitia
787 4214 887 4263 esseut
908 4199 1107 4284 (HerodVII.
1121 4198 1151 4284 6)
1158 4227 1167 4277 3
1189 4205 1304 4265 Musaei
1323 4212 1401 4262 certe

282 4314 506 4374 vaticinationes
526 4314 556 4372 in
572 4334 677 4390 corpus
697 4315 845 4393 redegisse
864 4316 1057 4399 genuinisque
1076 4334 1144 4375 suas
1159 4315 1349 4374 admiscuisse
1363 4316 1400 4373 ab

282 4426 431 4492 Herodoto
449 4425 565 4484 dicitur.
593 4424 651 4484 Hic
670 4428 725 4486 sub
743 4427 952 4490 Pisistratidis,
964 4426 1069 4505 viguit3
1092 4446 1110 4484 a
1132 4426 1245 4486 Pericle
1265 4425 1401 4504 Lampon

282 4535 473 4595 Atheniensis
495 4535 623 4596 Thurios
645 4536 752 4595 missus
773 4544 818 4596 est
839 4557 903 4596 cum
924 4536 1034 4596 colonis
1048 4530 1216 4616 'lsi-iatoph.
1233 4556 1278 4595 av.
1297 4538 1358 4597 988
1373 4554 1399 4598 c.
