3592 5400
343 516 402 579 188
756 535 1000 584 auorrnnanruu
1021 541 1042 582 1.

342 676 375 751 δὲ
389 690 419 749 ἐν
435 689 513 770 αὐτῇ
527 677 646 758 τοιιίνδε
661 689 803 753 ποιέουσι.
820 678 945 777 δένδρεα
960 686 1083 777 μεγάλοι
1094 684 1280 774 ἐκκόψαντες
1291 694 1323 754 έν
1334 701 1375 776 τῇ
1386 695 1464 777 αὐλῇ

341 801 443 861 ἑστᾶσι
460 796 525 881 (scr.
542 797 666 881 ἱστᾶσι),
687 801 767 888 μετὰ
782 790 815 863 δὲ
830 797 997 889 ἀγινέοντες
1013 796 1101 889 αἶγάς
1114 822 1149 862 τε
1165 802 1216 863 καὶ
1231 800 1297 876 ὄιας
1317 803 1369 865 καὶ
1383 799 1462 868 ἄλλα

341 907 452 980 κτήνεα
474 900 539 985 ’ζωοὶ
557 914 591 974 ἐκ
612 920 673 974 τῶν
697 899 840 999 δενδρέων
860 909 1054 998 ἀπαρτέοοοι·
1076 911 1106 974 έν
1127 901 1231 974 δὲκαὶ
1252 909 1395 1000 ὄρνιθες
1414 915 1463 978 καὶ

342 1023 452 1112 εἵματα
467 1022 517 1084 καὶ
532 1018 641 1109 χρύσεα
656 1024 706 1086 καὶ
721 1020 851 1112 ἀργύρεα
865 1021 1034 1110 ποιήματα.
1057 1021 1148 1086 έπεσὶν
1169 1011 1203 1085 δέ
1222 1021 1348 1086 ἐντελέα
1363 1022 1461 1088 πάντα

339 1134 535 1212 ποιήσωνται,
555 1133 787 1221 περιενείκαντες
800 1137 841 1196 τοὶ
856 1133 904 1222 ἱροὶ
917 1134 983 1223 περὶ
997 1132 1038 1195 τοὶ
1059 1122 1196 1216 δένδρεα,
1216 1142 1274 1223 πῦρ
1295 1137 1404 1213 ένιιῑσι,
1423 1135 1461 1200 τα

342 1233 375 1307 δὲ
387 1244 496 1307 αὐτίκα
507 1242 608 1308 πάντα
620 1243 762 1307 καίονται.
786 1248 844 1308 Sed
857 1267 944 1324 quum
956 1252 1028 1308 haec
1040 1269 1137 1320 sacra,
1153 1251 1202 1308 ubi
1215 1269 1280 1308 cum
1292 1251 1362 1311 aliis
1375 1255 1459 1311 rebus

340 1362 436 1419 omnia
451 1361 619 1418 animalium
635 1380 743 1438 genera
758 1362 1031 1430 concremabantur,
1053 1360 1214 1439 singularia
1233 1363 1294 1420 sint
1318 1370 1349 1420 et
1363 1383 1382 1420 a
1396 1365 1459 1420 reli-

341 1474 406 1547 quis
423 1471 600 1530 Graecorum
616 1473 706 1530 sacris
722 1473 912 1541 abhorreant,
933 1472 1095 1548 gallinas
1115 1491 1343 1548 anseresquc
1358 1473 1458 1531 solem-

340 1601 392 1640 nes
414 1601 479 1640 esse
500 1582 631 1640 victimas
654 1581 784 1641 Suidas
806 1582 894 1639 tradit
916 1600 940 1641 s.
957 1602 982 1640 ν.
1006 1578 1075 1659 βοῦς
1095 1566 1234 1665 έβδομοςε
1257 1574 1410 1666 θυομένων
1429 1568 1458 1642 δὲ

339 1697 400 1752 τῶν
416 1679 448 1760 ἒξ
468 1681 617 1775 ἐμψύχων,
639 1686 805 1775 προβάτοιν,
826 1686 888 1765 ὑός,
911 1686 1008 1776 αἰγός,
1031 1686 1111 1769 βοός,
1132 1684 1287 1775 ὄρνιθος,
1308 1688 1456 1775 χηνός..

340 1803 400 1863 Ubi
420 1823 479 1860 non
494 1823 590 1874 avem,
615 1804 666 1862 sed
685 1804 826 1882 gallinam
847 1804 904 1861 dici
926 1823 1013 1862 anser
1033 1805 1070 1862 ab
1086 1823 1121 1861 ea
1140 1803 1297 1862 distinctus
1318 1807 1455 1875 ostendit;

340 1934 374 1973 ac
389 1915 560 1992 saepissimo
575 1915 702 1993 gallinae
718 1916 843 1992 simplici
859 1906 980 1997 ὀρνίθων
995 1915 1111 1972 nomine
1134 1914 1347 1993 significantur.
1376 1917 1456 1975 Dio-

340 2029 515 2106 genianus
532 2029 560 2085 3.
575 2027 614 2085 50
631 2046 695 2085 cum
706 2024 797 2086 Suida
810 2026 964 2097 consentit,
981 2026 1039 2084 nisi
1056 2026 1133 2100 quod
1148 2025 1257 2084 omisso
1272 2029 1348 2107 boue
1363 2027 1456 2085 adiicit

340 2132 476 2197 πετεινόν
491 2139 567 2195 inter
579 2130 654 2220 ὄρνιν
670 2145 698 2195 et
713 2141 804 2220 χῆνα,
825 2155 898 2212 quae
914 2139 1027 2196 videtur
1041 2139 1141 2215 glossa
1154 2136 1247 2195 fuisse
1261 2137 1412 2215 adscripta
1424 2138 1456 2195 ad

339 2252 444 2308 ultima
465 2251 520 2308 duo
543 2249 683 2306 animalia
704 2248 931 2325 complectenda.
966 2248 1067 2308 Galli
1094 2257 1123 2305 et
1147 2248 1313 2326 gallinae
1335 2251 1456 2308 omnium

341 2362 459 2419 deorum
481 2361 512 2416 in
535 2360 668 2418 omnibus
691 2359 854 2418 civitatibus
878 2368 962 2417 erant
984 2360 1126 2418 victimae.
1157 2361 1289 2418 Arnob.
1313 2361 1379 2419 adv.
1401 2366 1454 2418 nat.

342 2473 369 2531 7.
390 2473 442 2531 16:
474 2473 609 2549 „Ergone
624 2471 674 2529 ille
689 2477 790 2548 putor,
811 2470 860 2546 qui
881 2490 917 2528 ex
937 2471 1023 2529 coriis
1039 2471 1153 2530 tollitur
1173 2515 1200 2529 ..
1222 2471 1455 2547 gallinarum·

341 2602 406 2660 que
426 2584 462 2641 de
477 2583 598 2660 plumis,
621 2583 667 2640 dei
687 2601 792 2640 munus
814 2590 843 2639 et
857 2583 950 2640 honor
965 2578 1048 2641 estl“
1069 2584 1097 2640 7.
1115 2583 1148 2640 8:
1167 2581 1270 2656 „Quae
1286 2600 1394 2642 caussa
1406 2588 1454 2650 est,

341 2703 374 2753 ut
390 2739 397 2754 .
411 2696 508 2777 ..deus
523 2741 529 2755 .
544 2738 567 2765 .,
589 2694 614 2753 si
634 2694 894 2773 gallinulam..
918 2696 971 2754 sub
991 2694 1071 2753 illius
1093 2692 1184 2752 oculis
1205 2699 1294 2769 atque
1317 2695 1455 2754 altaribus

343 2825 539 2877 concremaro,
561 2806 733 2864 oblivionem
753 2806 872 2864 inducat
893 2801 1057 2864 iniuriae?“
1081 2806 1159 2864 Plin.
1176 2825 1205 2862 n.
1221 2806 1251 2864 h.
1272 2808 1321 2865 10.
1339 2807 1389 2866 56.
1407 2807 1454 2864 77:

345 2917 409 2991 „Ad
420 2937 481 2974 rem
493 2917 620 2974 divinam
633 2909 781 2994 (gallinae)
793 2917 871 2975 luteo
883 2924 977 2976 rostro
988 2918 1170 2994 pedibusque
1185 2936 1276 2993 purae
1291 2937 1351 2975 non
1365 2918 1455 2976 viden·

342 3034 403 3086 tur:
421 3028 457 3084 ad
473 3035 630 3103 opertanea
645 3044 728 3084 sacra
742 3023 871 3104 nigrae.“
896 3029 1117 3105 Aesculapio
1129 3028 1273 3104 imprimis
1285 3030 1383 3106 gallos
1399 3046 1456 3088 esse

343 3138 521 3197 sacrificatos
547 3158 631 3195 nemo
657 3138 759 3196 nescit.
794 3136 1256 3216 Of.Plat.Phaed.p.118a.*
1286 3140 1455 3198 Artemidor.

343 3250 416 3308 onir.
434 3250 467 3321 5,
485 3251 513 3309 9.
531 3249 671 3328 Lautam.
689 3251 722 3320 3,
740 3250 789 3308 20.
812 3250 859 3307 Ita
873 3250 904 3306 in
920 3250 1056 3320 Triccae,
1073 3250 1173 3327 oppidi
1187 3251 1312 3321 natalis,
1337 3251 1456 3309 nummis

342 3362 534 3439 Aesculapius
554 3362 639 3440 angui
661 3380 744 3419 avem
758 3363 879 3438 praebet
896 3355 1019 3439 (Sestini
1034 3362 1111 3420 Mus.
1127 3361 1280 3419 Fontanae
1294 3382 1324 3438 p.
1340 3364 1358 3421 2
1375 3371 1396 3421 t.
1414 3363 1456 3421 li.

342 3474 483 3532 Mionnet.
500 3474 592 3532 deser.
611 3474 638 3532 6.
658 3474 716 3531 lOss
733 3493 761 3549 p.
777 3474 847 3531 541.
877 3472 1011 3532 Panofka
1026 3473 1184 3550 Asklepios
1200 3493 1227 3530 u.
1244 3473 1292 3531 die
1307 3474 1457 3551 Asklepia·

342 3577 612 3662 den,tab.1.13)‚
639 3584 770 3659 quamvis
791 3583 871 3641 anati
892 3602 979 3659 quam
999 3584 1076 3661 gallo
1098 3583 1277 3642 similiorem.
1311 3586 1412 3644 Etiam
1431 3584 1457 3640 iu

342 3697 438 3754 insula
452 3696 650 3753 Romanorum
665 3696 806 3754 Tiberina
826 3695 853 3751 ei
871 3695 1018 3772 „gallinae
1038 3692 1293 3753 immolabantur.“
1325 3697 1360 3755 P.
1377 3696 1455 3754 Diac.

342 3807 380 3864 ad
394 3807 473 3866 Fest.
491 3825 515 3864 s.
531 3826 557 3863 ν.
574 3807 724 3864 ininsula.
753 3807 844 3864 Inscr.
867 3806 1010 3881 quaedam
1025 3806 1134 3864 Latina
1152 3805 1256 3863 mutila
1276 3807 1394 3867 tabulas
1414 3824 1456 3863 ex-

411 4070 423 4099 *
440 4070 496 4123 Hoc
512 4069 668 4123 Prudentius
686 4071 821 4141 apotheos.
841 4072 892 4125 200
909 4072 1026 4141 respicit:

497 4156 602 4208 consule
619 4156 723 4208 barbati
740 4156 910 4209 deliramenta
925 4156 1054 4221 Platonis,

496 4241 603 4295 consule
621 4246 646 4292 et
663 4240 782 4294 hircosus
801 4242 914 4310 Cynicus
933 4260 998 4311 quos
1016 4242 1141 4306 somniat,
1160 4246 1186 4295 et
1203 4258 1268 4312 quos

495 4328 562 4381 texit
579 4327 731 4379 Aristoteles
750 4331 818 4379 torta
835 4327 963 4395 vertigine
980 4345 1087 4381 neruos:

495 4414 542 4467 hos
561 4429 651 4467 omnes
671 4451 710 4475 ..‚
730 4412 848 4480 quamuis
865 4413 1016 4481 promittere
1035 4418 1061 4465 et
1077 4414 1128 4482 ipsi

496 4500 652 4569 gallinam
671 4499 772 4550 soleant
790 4503 835 4549 aut
852 4498 989 4567 gallum,
1008 4498 1147 4551 clinicus
1165 4503 1194 4550 ut
1211 4515 1240 4552 sc

497 4584 617 4660 dignetur
634 4589 766 4660 praestare
784 4582 860 4638 deus
878 4584 1050 4639 morientibus
1068 4600 1189 4657 aequum.
