3592 5400
558 495 654 539 clem
668 495 698 536 θ’.
719 496 762 538 ΒΕ
777 496 982 541 onttt'tont'tt
998 499 1116 541 thts.
1355 478 1393 543 81

273 646 441 705 τελευταῖα
453 639 626 703 ποιούντων.
659 640 822 729 Μίμννπαι
842 633 876 705 di
896 645 990 717 αὐτῆς
1010 634 1227 732 Μένανδρος,
1260 645 1343 710 Φασὶ
1364 637 1397 711 δὲ

273 752 323 814 ὅτι
334 748 535 838 Πολυκράτης
546 753 563 812 ὀ
574 748 696 835 Σαμίων
707 748 860 839 τύραννος,
875 752 951 814 ἑλὼν
964 748 1098 824 Ῥήνειαν
1109 754 1160 817 καὶ
1173 753 1290 830 ἀναθεὶς
1302 759 1396 828 αὐτὴν

273 860 445 924 Ἀπόλλωνι
459 869 504 942 τῷ
515 859 632 942 Δηλίῳ,
647 864 751 950 ἀγῶνα
764 858 822 936 θεὶς
837 860 1009 940 κάλλιστον,
1024 863 1127 950 ἠρώτα
1138 860 1256 952 πέμψας
1268 871 1307 940 εἰς
1318 866 1396 930 Δελ-

275 969 361 1058 ρούς,
382 979 445 1045 πῶς
465 960 516 1034 δεῖ
532 973 638 1034 καλεῖν
656 971 710 1034 τὸν
730 973 848 1061 ἀγῶνα,
874 969 973 1042 Δήλια
992 968 1012 1042 ἢ
1034 969 1142 1036 Πύθια
1183 972 1307 1056 (Suidas
1326 1000 1350 1042 s.
1367 1003 1394 1043 v.

274 1077 377 1142 ΙΙύθια
392 1093 422 1144 et
436 1087 569 1164 Apostol.
585 1087 632 1146 15.
646 1087 663 1146 9
685 1086 869 1146 consuluisse
888 1088 1023 1163 trudunt,
1046 1087 1071 1145 εἰ
1085 1082 1126 1146 τοὶ
1139 1093 1195 1158 τῆς
1210 1081 1311 1160 θυσίας
1326 1082 1394 1176 ἄγει

273 1190 357 1253 κατὰ
371 1189 409 1253 ‘ro'
421 1190 588 1279 ὡρισμένον,
602 1197 726 1257 Photius
738 1215 762 1256 s.
775 1217 801 1254 v.
815 1188 928 1254 Πύθιαι
944 1192 1025 1255 κατα
1035 1192 1089 1255 τὰν
1101 1191 1261 1281 ὡρισμένον
1272 1194 1394 1283 γρύνον.)

273 1297 387 1363 Ἀνεῖλε
404 1289 437 1363 di
452 1302 535 1382 αύτῷ
551 1304 567 1363 ὁ
584 1297 662 1375 Ost:

562 1409 662 1474 ταῦτά
677 1433 723 1474 σοι
738 1412 789 1474 καὶ
803 1409 902 1482 Δήλια
917 1413 967 1475 καὶ
982 1408 1089 1475 Πύθια

274 1520 415 1608 ἐσήμαινε
439 1509 472 1583 δὲ
494 1523 577 1602 αύτῷ
599 1521 646 1583 ύτι
669 1519 753 1595 εὐθὺς
775 1518 980 1584 ἀποθανεῖται
1021 1520 1160 1610 Ὀροίτης
1182 1524 1239 1614 γὰρ
1263 1527 1355 1590 αύτθν
1378 1529 1394 1591 ὁ

274 1628 393 1717 Πέρσας
406 1628 600 1718 ἐσταύρωσεν.
627 1636 787 1695 Zenobium
805 1635 867 1695 fere
882 1637 1022 1696 describit
1037 1636 1119 1698 Suid.
1136 1659 1159 1699 s.
1176 1661 1203 1698 v.
1219 1634 1319 1699 ταῦτά
1335 1660 1393 1701 cor:

273 1746 351 1803 idem
367 1752 465 1803 tamen
480 1753 509 1803 et
523 1746 610 1804 Phot.
626 1765 651 1804 s.
663 1767 691 1806 ν.
707 1738 808 1804 Πύθια
819 1754 848 1804 et
859 1747 993 1824 Apostol.
1009 1748 1166 1807 adiiciunt:
1182 1740 1394 1834 Ἐπίκουρος

276 1856 307 1912 ἕν
321 1873 379 1912 τινι
392 1859 455 1913 τῶν
469 1850 540 1937 πρὸς
554 1840 702 1938 Ἰδομενέα
715 1853 881 1914 ἐπιστολῶν
896 1859 1004 1914 ταῦτα
1033 1856 1136 1933 Itaque
1150 1860 1271 1935 antiqua
1285 1865 1394 1921 oraculi

276 1966 370 2024 forma
380 1966 481 2043 periit3
494 1965 668 2025 sententiam
680 1967 842 2025 Menander
851 1965 957 2024 iambis
969 1966 1121 2042 expressit.
1138 1967 1221 2042 Quos
1229 1971 1394 2031 Meinekiui

276 2076 305 2133 in
321 2076 402 2135 illius
415 2076 635 2152 postrenmo.
649 2077 709 2135 296
726 2068 799 2152 (295
808 2075 853 2132 ed.
862 2071 945 2153 min.)
961 2076 1078 2135 laudato
1089 2076 1225 2136 Dobraeo
1237 2078 1280 2138 ita
1291 2080 1394 2139 distin-

275 2187 352 2264 guit:
369 2229 398 2246 ..
418 2183 520 2244 ταύτὰ
538 2204 585 2244 σοι
605 2181 657 2243 καὶ
670 2178 771 2244 Πύθια
788 2175 793 2263 Ι
809 2180 860 2243 καὶ
874 2178 959 2251 Δήλι’
974 2183 1083 2260 [ἔσται]
1098 2229 1124 2244 ..
1145 2187 1286 2248 Fortasse
1306 2190 1393 2250 etiam

272 2289 373 2354 ταύτά
387 2297 572 2356 scribendum
587 2305 646 2367 est3
662 2304 740 2354 certe
755 2295 780 2355 si
796 2298 851 2354 hoc
864 2297 1035 2354 vocabulum
1050 2316 1086 2355 ex
1100 2297 1165 2374 ipso
1181 2300 1297 2357 oraculo
1311 2320 1394 2377 repe·

272 2407 357 2464 titum
373 2414 433 2477 est,
456 2407 630 2485 ambiguitas
651 2408 682 2463 in
703 2426 736 2465 eo
755 2406 854 2483 posita
868 2415 946 2476 erat,
967 2415 1000 2464 ut
1019 2415 1048 2465 et
1063 2400 1164 2465 ταῦτα
1179 2424 1224 2466 σοι
1245 2417 1274 2467 et
1293 2403 1394 2468 ταύτοί

272 2535 318 2573 σοι
339 2516 472 2594 intellegi
492 2524 607 2594 posset,
629 2517 649 2575 i.
670 2535 694 2573 e.
718 2525 747 2574 et
768 2517 874 2574 haecce
897 2535 981 2575 sacra
1003 2524 1033 2574 et
1051 2536 1113 2576 rem
1133 2519 1170 2578 ad
1190 2518 1267 2577 idem
1287 2520 1392 2579 redire.

271 2627 418 2703 Epicurus
432 2646 451 2685 a
465 2627 626 2684 Menandro
641 2645 742 2684 versus
763 2626 866 2684 ducere
881 2627 989 2704 potuit;
1010 2626 1173 2684 Menander
1192 2629 1269 2685 enim
1285 2622 1312 2688 a'.
1330 2631 1391 2688 342

271 2746 357 2796 natus
378 2745 436 2809 est3
457 2736 648 2815 philosophus
668 2746 755 2796 natus
775 2757 801 2795 a.
816 2739 874 2796 341
892 2738 930 2795 ad
944 2737 1131 2795 Idomeneum
1146 2737 1391 2815 Lampsacenum,

270 2868 369 2906 rerum
383 2846 554 2925 scriptorem
569 2868 596 2908 a.
611 2849 672 2908 270
687 2847 804 2908 litteras
816 2847 906 2907 dedit.
924 2841 1055 2926 (Clintou
1072 2847 1139 2908 fast.
1155 2842 1285 2928 Hellen.)

816 3045 908 3104 3‚.

333 3179 418 3240 Haec
432 3179 520 3259 igitur
534 3177 652 3239 oracula
666 3198 754 3256 quum
769 3199 825 3237 non
841 3177 951 3238 fuerint
962 3179 1122 3251 trochaica,
1138 3178 1282 3240 Hadriani
1295 3192 1392 3242 aetate

270 3297 458 3349 tetrametros
470 3292 561 3349 troch.
572 3289 653 3348 Clari
664 3297 820 3366 usurpatos
832 3309 898 3349 esse
911 3310 945 3348 ex
953 3288 1103 3365 Qenomao
1114 3308 1162 3366 ap.
1171 3292 1282 3351 Euseb.
1290 3313 1390 3368 praep.

270 3402 314 3457 ei.
328 3402 357 3458 5.
372 3402 411 3458 22
423 3420 452 3477 p.
466 3399 603 3477 214V1g.
617 3407 741 3458 constat.
764 3399 868 3475 Neque
883 3401 960 3457 enim
976 3399 1012 3456 de
1024 3398 1126 3474 Cynici
1141 3399 1221 3457 illius
1236 3401 1294 3458 tide
1309 3401 1391 3459 dubi·

270 3511 392 3567 tandum
412 3528 477 3569 esse
495 3510 672 3587 supradixi,
693 3510 810 3567 laudata
826 3509 967 3568 Lobcckii
984 3508 1247 3587 argumentatione3
1269 3510 1390 3580 aceedit,

269 3630 301 3678 ut
316 3622 352 3677 de
368 3621 515 3696 plerisque
531 3620 592 3677 eius
613 3620 738 3678 oraculis
753 3621 842 3678 etiam
861 3620 979 3677 aliunde
999 3627 1127 3688 constet,
1148 3619 1227 3677 velut
1248 3640 1283 3678 ex
1297 3620 1390 3679 Hero-

269 3734 347 3789 doto.
371 3728 540 3789 Oenomaus
554 3728 643 3807 igitur
657 3715 696 3814 (tv
710 3724 829 3814 γοήτων
842 3718 937 3817 φωρᾷ)
953 3726 1039 3812 φησὶν
1050 3723 1157 3786 ἑαυτὸν
1169 3724 1226 3786 uret
1237 3731 1293 3786 τοῦ
1304 3723 1391 3786 Κλα-

271 3836 331 3923 ρίου
347 3832 537 3908 Ἀπύλλωνος
550 3832 738 3914 ᾖσται-ἧσθαι,
759 3833 881 3924 γράφων
893 3824 967 3897 ὦδε·
989 3831 1084 3896 Ἀλλοὶ
1106 3823 1142 3905 δή
1162 3822 1223 3897 ἔδει
1243 3835 1294 3896 καὶ
1313 3838 1391 3924 ἡμᾶς

269 3954 325 4019 τῆς
340 3933 500 4033 κωμῳδίας
515 3943 654 4028 (adeundi
669 3942 795 4028 oraculi)
812 3956 989 4033 praesepis,
1005 3946 1055 4008 καὶ
1070 3944 1111 4033 μή
1127 3940 1334 4032 σεμνύνεσθαι,
1351 3948 1391 4019 ὡς

271 4058 326 4116 οὐκ
346 4053 531 4142 ἐμπεσόντας
552 4059 591 4128 εἰς
609 4054 666 4124 τήν
686 4055 786 4125 κοινήν
800 4046 1010 4142 παραπληξίαν
1028 4054 1135 4137 (neque
1154 4060 1273 4135 gloriari
1292 4078 1391 4136 posse,

270 4171 348 4245 quod
362 4188 416 4227 nos
431 4170 460 4226 in
477 4188 656 4227 communem
671 4169 825 4228 stultitiam
839 4190 897 4228 non
918 4163 1132 4247 inciderimus),
1152 4164 1203 4226 καὶ
1221 4164 1277 4233 τήν
1297 4167 1390 4251 ἐμπο-

272 4275 334 4362 ρίαν
350 4279 451 4353 εἰπεῒν,
473 4278 508 4344 ἢν
524 4275 574 4336 καὶ
589 4274 675 4337 αὐτοὶ
689 4273 755 4362 περὶ
770 4274 872 4361 σοφίας
887 4270 1151 4363 ἀνεπορεοσοίμεθα
1165 4275 1200 4335 ἐκ
1214 4281 1269 4345 τῆς
1283 4268 1389 4348 Ἀσίας,

271 4378 296 4447 ὦ
312 4382 442 4472 Κλάριε,
457 4384 539 4472 παρὰ
553 4392 614 4446 σοῦ.

1171 4498 1187 4550 6
