3592 5400
406 622 448 684 56
837 637 947 684 noma.

449 829 526 896 Ibid.
550 829 618 895 Irin.
643 833 694 895 16.
724 831 762 895 In
794 829 861 897 Ms.
883 830 1046 915 Ἔρεσσὸς.
1071 829 1130 896 Sed
1153 829 1189 896 ab
1212 831 1280 898 eliis
1303 833 1378 897 sori·

404 968 486 1036 bitur
509 970 652 1054 Ἐρεσὸς,
677 970 757 1056 quod
782 969 1020 1058 praeterendum,
1043 970 1111 1036 vide
1132 969 1303 1037 cellarium.

448 1234 527 1300 Ibid.
558 1235 626 1301 Lin.
650 1237 700 1300 19.
733 1235 842 1299 πείθει
874 1236 931 1299 τὸν
963 1233 1195 1321 Ἀλέξανδρον
1226 1234 1377 1320 δεύτερον

406 1373 529 1449 κτίζειν
540 1422 550 1453 ,
585 1374 666 1460 quod
690 1372 740 1438 alii
763 1380 885 1440 irorrent
904 1376 965 1461 jam
989 1398 1007 1441 a
1028 1374 1184 1463 Philippo,
1207 1375 1379 1464 philosophi

406 1511 544 1599 precibus
567 1517 664 1588 moto,
688 1513 800 1578 iactum
823 1536 894 1579 esse

449 1764 527 1830 Ibid.
558 1765 627 1832 Lin.
654 1770 704 1833 20.
733 1770 784 1831 el.
816 1763 1046 1830 Korudtddvat
1070 1771 1100 1831 et
1121 1767 1378 1851 Κατηγόρεοσαο

404 1906 437 1969 in
460 1904 527 1970 Mu.
551 1904 602 1970 sed
625 1927 678 1992 pro
701 1903 758 1971 hoo
781 1906 815 1970 in
838 1905 973 1993 margine
996 1907 1271 1991 προσηγόρευσαν.

449 2158 521 2247 Peg.
546 2164 576 2226 5.
606 2159 674 2224 Irin.
700 2164 728 2224 9.
760 2161 848 2245 παρὰ
879 2159 972 2241 μίαν.
1004 2159 1044 2224 In
1066 2160 1200 2247 margine
1222 2158 1288 2225 MS.
1310 2185 1378 2223 πα-

405 2299 527 2384 ροιμία.

449 2552 527 2618 Ibid.
550 2552 619 2619 Lin.
645 2555 694 2618 10.
728 2550 782 2616 διὰ
807 2553 868 2636 γὰρ
893 2553 941 2615 τὸ.
967 2551 1136 2618 Delendnm
1159 2550 1278 2618 videtur
1301 2560 1374 2637 γάρ.

448 2805 527 2872 Ibid.
557 2804 626 2870 Lin.
651 2809 701 2870 13.
734 2803 808 2868 οὐδὲ
833 2807 906 2869 τότε
929 2803 1120 2889 φιλοσοφεῖν
1143 2805 1375 2893 ἀποσχόμενος.

406 2945 472 3011 us.
496 2945 592 3032 adjeci
615 2952 682 3011 we.

451 3196 530 3262 Ibid.
560 3196 628 3262 Lin.
654 3202 703 3263 25.
736 3196 781 3260 Od
814 3200 875 3283 γὰρ
907 3199 949 3274 ὠς
973 3197 1206 3284 Ἀριστόξενος
1229 3199 1375 3284 ὕστερον.

406 3336 602 3422 deridendum
627 3338 760 3403 videtur:
784 3336 821 3401 od
846 3340 907 3423 γὰρ
931 3340 973 3412 ὠς
994 3336 1226 3423 Ἀριστόξενος
1245 3338 1375 3425 ἱστορεῖ,

407 3480 462 3540 καὶ
493 3474 712 3562 Ἀριστοκλῆς
742 3477 888 3562 ὕστερον.
926 3477 1005 3543 Vide
1034 3500 1123 3565 supra
1155 3501 1222 3566 pag.
1253 3482 1377 3557 3,·tum

407 3639 455 3695 ea,
485 3638 560 3702 quae
591 3603 627 3681 ad
658 3616 742 3681 illum
774 3616 871 3681 locum
901 3618 1080 3683 notavimus.
1103 3617 1260 3684 Caeterum
1283 3642 1375 3704 quum

407 3762 437 3822 et
466 3757 666 3822 Aristoxenus
697 3761 727 3822 et
756 3756 939 3834 Aristocles,
962 3757 1042 3822 sieut
1063 3754 1106 3821 ibi
1129 3757 1310 3823 testimoniis
1331 3758 1376 3825 lu·

407 3896 536 3963 oulentis
566 3896 721 3962 ostendere
750 3919 854 3962 sumus
885 3897 1001 3975 eonati,
1031 3919 1092 3962 non
1122 3896 1378 3984 reprehenderint,

407 4037 459 4102 sed
494 4058 679 4124 summopere
713 4036 900 4104 laudaverint
935 4036 1159 4125 philosophum,
1192 4037 1263 4103 inde
1296 4044 1378 4125 patet

299 4182 301 4186 ’
407 4198 494 4262 quam
519 4176 624 4241 misere
646 4182 781 4242 auctores
804 4176 909 4242 harum
934 4178 1063 4243 vitarum
1085 4201 1146 4244 rem
1170 4199 1252 4243 snam
1272 4183 1375 4265 agant,

408 4339 514 4404 nempe
543 4317 729 4400 ὁμωοομοος
761 4316 994 4396 confundentes,
1025 4324 1093 4405 apta
1119 4322 1148 4384 et
1171 4318 1287 4406 inepta,
1311 4341 1378 4386 vera
1450 4317 1452 4321 ’

406 4462 435 4523 et
457 4457 531 4522 falsa
555 4458 727 4537 miscentes,
750 4457 897 4544 ἀκρισίας
922 4458 1061 4523 ministri.
