<?xml version="1.0" encoding="UTF-8"?>
<!DOCTYPE html PUBLIC "-//W3C//DTD XHTML 1.0 Transitional//EN"
    "http://www.w3.org/TR/xhtml1/DTD/xhtml1-transitional.dtd">
<html xmlns="http://www.w3.org/1999/xhtml" xml:lang="en" lang="en">
 <head>
  <title>
</title>
<meta http-equiv="Content-Type" content="text/html;charset=utf-8" />
  <meta name='ocr-system' content='tesseract 3.04.00' />
  <meta name='ocr-capabilities' content='ocr_page ocr_carea ocr_par ocr_line ocrx_word'/>
</head>
<body>
  <div class='ocr_page' id='page_1' title='image "./pamphletsonaris00porpgoog_0305.png"; bbox 0 0 3592 5400; ppageno 0'>
   <div class='ocr_carea' id='block_1_1' title="bbox 674 510 1453 574">
    <p class='ocr_par' dir='ltr' id='par_1_1' title="bbox 674 510 1453 574">
     <span class='ocr_line' id='line_1_1' title="bbox 674 510 1453 574; baseline 0.001 -2"><span class='ocrx_word' id='word_1_1' title='bbox 674 530 716 572; x_wconf 85' lang='lat' dir='ltr'><strong>nn</strong></span> <span class='ocrx_word' id='word_1_2' title='bbox 739 530 914 574; x_wconf 81' lang='lat' dir='ltr'><strong>sacamcns</strong></span> <span class='ocrx_word' id='word_1_3' title='bbox 936 529 1119 574; x_wconf 76' lang='lat' dir='ltr'><strong>vonncnmu.</strong></span> <span class='ocrx_word' id='word_1_4' title='bbox 1395 510 1453 573; x_wconf 90' lang='grc'><strong>191</strong></span> 
     </span>
    </p>
   </div>
   <div class='ocr_carea' id='block_1_2' title="bbox 334 681 1458 4304">
    <p class='ocr_par' dir='ltr' id='par_1_2' title="bbox 334 681 1457 2205">
     <span class='ocr_line' id='line_1_2' title="bbox 399 681 1456 744; baseline 0 0"><span class='ocrx_word' id='word_1_5' title='bbox 399 689 560 744; x_wconf 88' lang='lat' dir='ltr'><strong>Anseres</strong></span> <span class='ocrx_word' id='word_1_6' title='bbox 574 685 605 742; x_wconf 93' lang='lat' dir='ltr'><strong>in</strong></span> <span class='ocrx_word' id='word_1_7' title='bbox 621 682 748 743; x_wconf 85' lang='lat' dir='ltr'><strong>Graecia</strong></span> <span class='ocrx_word' id='word_1_8' title='bbox 761 685 878 744; x_wconf 88' lang='lat' dir='ltr'><strong>mactati</strong></span> <span class='ocrx_word' id='word_1_9' title='bbox 898 704 956 743; x_wconf 92' lang='lat' dir='ltr'><strong>non</strong></span> <span class='ocrx_word' id='word_1_10' title='bbox 979 703 1044 744; x_wconf 89' lang='lat' dir='ltr'><strong>esse</strong></span> <span class='ocrx_word' id='word_1_11' title='bbox 1059 684 1193 742; x_wconf 82' lang='lat' dir='ltr'><strong>videntur</strong></span> <span class='ocrx_word' id='word_1_12' title='bbox 1214 681 1272 742; x_wconf 92' lang='lat' dir='ltr'><strong>nisi</strong></span> <span class='ocrx_word' id='word_1_13' title='bbox 1287 685 1456 744; x_wconf 82' lang='lat' dir='ltr'><strong>numinibus</strong></span> 
     </span>
     <span class='ocr_line' id='line_1_3' title="bbox 334 793 1455 874; baseline -0.002 -18"><span class='ocrx_word' id='word_1_14' title='bbox 334 796 535 874; x_wconf 69' lang='lat' dir='ltr'><strong>Aegyptiacis.</strong></span> <span class='ocrx_word' id='word_1_15' title='bbox 564 794 599 853; x_wconf 94' lang='lat' dir='ltr'><strong>In</strong></span> <span class='ocrx_word' id='word_1_16' title='bbox 614 798 751 873; x_wconf 82' lang='lat' dir='ltr'><strong>Aegypto</strong></span> <span class='ocrx_word' id='word_1_17' title='bbox 768 795 912 854; x_wconf 88' lang='lat' dir='ltr'><strong>solemnia</strong></span> <span class='ocrx_word' id='word_1_18' title='bbox 932 803 1017 853; x_wconf 73' lang='lat' dir='ltr'><strong>amnt</strong></span> <span class='ocrx_word' id='word_1_19' title='bbox 1036 811 1124 870; x_wconf 89' lang='lat' dir='ltr'><strong>quum</strong></span> <span class='ocrx_word' id='word_1_20' title='bbox 1144 795 1267 853; x_wconf 86' lang='lat' dir='ltr'><strong>aliarum</strong></span> <span class='ocrx_word' id='word_1_21' title='bbox 1286 793 1455 867; x_wconf 83' lang='lat' dir='ltr'><strong>volucrium,</strong></span> 
     </span>
     <span class='ocr_line' id='line_1_4' title="bbox 335 890 1456 988; baseline -0.001 -23"><span class='ocrx_word' id='word_1_22' title='bbox 335 916 398 965; x_wconf 77' lang='lat' dir='ltr'><strong>tum</strong></span> <span class='ocrx_word' id='word_1_23' title='bbox 420 925 558 965; x_wconf 70' lang='lat' dir='ltr'><strong>ansam</strong></span> <span class='ocrx_word' id='word_1_24' title='bbox 579 904 731 964; x_wconf 63' lang='lat' dir='ltr'><strong>amnon.</strong></span> <span class='ocrx_word' id='word_1_25' title='bbox 760 906 866 965; x_wconf 71' lang='lat' dir='ltr'><strong>sinen.</strong></span> <span class='ocrx_word' id='word_1_26' title='bbox 890 908 920 965; x_wconf 85' lang='lat'><strong>4.</strong></span> <span class='ocrx_word' id='word_1_27' title='bbox 938 907 988 965; x_wconf 91' lang='lat'><strong>22.</strong></span> <span class='ocrx_word' id='word_1_28' title='bbox 1005 907 1044 964; x_wconf 73' lang='grc' dir='ltr'><strong>τε</strong></span> <span class='ocrx_word' id='word_1_29' title='bbox 1060 924 1089 982; x_wconf 82' lang='lat' dir='ltr'><strong>p.</strong></span> <span class='ocrx_word' id='word_1_30' title='bbox 1106 906 1163 964; x_wconf 80' lang='lat'><strong>172</strong></span> <span class='ocrx_word' id='word_1_31' title='bbox 1176 905 1210 963; x_wconf 73' lang='lat' dir='ltr'><strong>n:</strong></span> <span class='ocrx_word' id='word_1_32' title='bbox 1231 897 1400 988; x_wconf 70' lang='grc' dir='ltr'>πεμμάτων</span> <span class='ocrx_word' id='word_1_33' title='bbox 1422 890 1456 964; x_wconf 76' lang='lat' dir='ltr'><strong>tt</strong></span> 
     </span>
     <span class='ocr_line' id='line_1_5' title="bbox 335 1005 1456 1100; baseline -0.002 -24"><span class='ocrx_word' id='word_1_34' title='bbox 335 1011 458 1100; x_wconf 85' lang='grc' dir='ltr'>πρῶσόν</span> <span class='ocrx_word' id='word_1_35' title='bbox 472 1031 544 1100; x_wconf 79' lang='grc' dir='ltr'>φησι</span> <span class='ocrx_word' id='word_1_36' title='bbox 559 1019 761 1100; x_wconf 84' lang='grc' dir='ltr'>μνημονεῦσαι</span> <span class='ocrx_word' id='word_1_37' title='bbox 775 1008 929 1074; x_wconf 84' lang='grc' dir='ltr'>Πανθασιν</span> <span class='ocrx_word' id='word_1_38' title='bbox 944 1009 1106 1087; x_wconf 80' lang='grc' dir='ltr'>Σέλευκος,</span> <span class='ocrx_word' id='word_1_39' title='bbox 1128 1013 1160 1074; x_wconf 76' lang='lat' dir='ltr'><strong>tv</strong></span> <span class='ocrx_word' id='word_1_40' title='bbox 1179 1005 1222 1084; x_wconf 84' lang='grc' dir='ltr'><strong>οίς</strong></span> <span class='ocrx_word' id='word_1_41' title='bbox 1240 1011 1306 1098; x_wconf 78' lang='grc' dir='ltr'>περὶ</span> <span class='ocrx_word' id='word_1_42' title='bbox 1319 1020 1375 1086; x_wconf 73' lang='grc' dir='ltr'><strong>τῆς</strong></span> <span class='ocrx_word' id='word_1_43' title='bbox 1388 1011 1456 1100; x_wconf 88' lang='grc' dir='ltr'>παρ’</span> 
     </span>
     <span class='ocr_line' id='line_1_6' title="bbox 338 1110 1457 1213; baseline 0.001 -28"><span class='ocrx_word' id='word_1_44' title='bbox 338 1123 511 1213; x_wconf 74' lang='grc' dir='ltr'>Αἰγυπτίοις</span> <span class='ocrx_word' id='word_1_45' title='bbox 532 1119 773 1210; x_wconf 66' lang='grc' dir='ltr'>ἀνθρωποθυσίας</span> <span class='ocrx_word' id='word_1_46' title='bbox 800 1110 963 1211; x_wconf 76' lang='grc' dir='ltr'>διηγεῖται,</span> <span class='ocrx_word' id='word_1_47' title='bbox 986 1121 1088 1186; x_wconf 85' lang='grc' dir='ltr'>πολλοὶ</span> <span class='ocrx_word' id='word_1_48' title='bbox 1113 1119 1167 1210; x_wconf 70' lang='grc' dir='ltr'>μὲν</span> <span class='ocrx_word' id='word_1_49' title='bbox 1191 1119 1334 1185; x_wconf 63' lang='grc' dir='ltr'>ἐπιθεῖναι</span> <span class='ocrx_word' id='word_1_50' title='bbox 1359 1120 1457 1212; x_wconf 65' lang='grc' dir='ltr'>λέγων</span> 
     </span>
     <span class='ocr_line' id='line_1_7' title="bbox 335 1220 1456 1322; baseline 0 -25"><span class='ocrx_word' id='word_1_51' title='bbox 335 1233 500 1322; x_wconf 83' lang='grc' dir='ltr'>πέμματα,</span> <span class='ocrx_word' id='word_1_52' title='bbox 519 1231 635 1306; x_wconf 82' lang='grc' dir='ltr'>πολλάς</span> <span class='ocrx_word' id='word_1_53' title='bbox 650 1220 684 1294; x_wconf 81' lang='grc' dir='ltr'><strong>δὲ</strong></span> <span class='ocrx_word' id='word_1_54' title='bbox 699 1221 880 1307; x_wconf 73' lang='grc' dir='ltr'>νοσσάδας</span> <span class='ocrx_word' id='word_1_55' title='bbox 894 1232 1017 1321; x_wconf 80' lang='grc' dir='ltr'>ὄρνεις</span> <span class='ocrx_word' id='word_1_56' title='bbox 1038 1236 1186 1297; x_wconf 88' lang='lat' dir='ltr'><strong>Diodorus</strong></span> <span class='ocrx_word' id='word_1_57' title='bbox 1204 1240 1230 1297; x_wconf 92' lang='lat' dir='ltr'><strong>l.</strong></span> <span class='ocrx_word' id='word_1_58' title='bbox 1248 1239 1303 1298; x_wconf 79' lang='lat'><strong>84:</strong></span> <span class='ocrx_word' id='word_1_59' title='bbox 1319 1235 1456 1318; x_wconf 76' lang='lat' dir='ltr'><strong>Aegyptii</strong></span> 
     </span>
     <span class='ocr_line' id='line_1_8' title="bbox 336 1345 1455 1427; baseline -0.001 -19"><span class='ocrx_word' id='word_1_60' title='bbox 336 1349 540 1427; x_wconf 81' lang='lat' dir='ltr'><strong>Api,-Mnevi‚</strong></span> <span class='ocrx_word' id='word_1_61' title='bbox 555 1348 640 1406; x_wconf 87' lang='lat' dir='ltr'><strong>arieti</strong></span> <span class='ocrx_word' id='word_1_62' title='bbox 653 1348 818 1418; x_wconf 84' lang='lat' dir='ltr'><strong>Mendesio‚</strong></span> <span class='ocrx_word' id='word_1_63' title='bbox 834 1345 978 1408; x_wconf 84' lang='lat' dir='ltr'><strong>crocodilo</strong></span> <span class='ocrx_word' id='word_1_64' title='bbox 994 1349 1024 1405; x_wconf 91' lang='lat' dir='ltr'><strong>in</strong></span> <span class='ocrx_word' id='word_1_65' title='bbox 1039 1349 1105 1407; x_wconf 87' lang='lat' dir='ltr'><strong>lacu</strong></span> <span class='ocrx_word' id='word_1_66' title='bbox 1116 1346 1256 1408; x_wconf 74' lang='lat' dir='ltr'><strong>Moeridis</strong></span> <span class='ocrx_word' id='word_1_67' title='bbox 1271 1349 1363 1420; x_wconf 90' lang='lat' dir='ltr'><strong>culto,</strong></span> <span class='ocrx_word' id='word_1_68' title='bbox 1378 1349 1455 1408; x_wconf 91' lang='lat' dir='ltr'><strong>leoni</strong></span> 
     </span>
     <span class='ocr_line' id='line_1_9' title="bbox 336 1442 1456 1544; baseline 0.001 -27"><span class='ocrx_word' id='word_1_69' title='bbox 336 1459 582 1536; x_wconf 84' lang='lat' dir='ltr'><strong>Leontopolitano</strong></span> <span class='ocrx_word' id='word_1_70' title='bbox 597 1442 752 1540; x_wconf 70' lang='grc' dir='ltr'>σεμίδαλιν</span> <span class='ocrx_word' id='word_1_71' title='bbox 764 1449 784 1523; x_wconf 73' lang='grc' dir='ltr'>θ</span> <span class='ocrx_word' id='word_1_72' title='bbox 794 1442 918 1541; x_wconf 77' lang='grc' dir='ltr'>χόνδρον</span> <span class='ocrx_word' id='word_1_73' title='bbox 929 1448 1052 1540; x_wconf 78' lang='grc' dir='ltr'>ἕψοντες</span> <span class='ocrx_word' id='word_1_74' title='bbox 1062 1457 1093 1518; x_wconf 80' lang='grc' dir='ltr'>ἐν</span> <span class='ocrx_word' id='word_1_75' title='bbox 1104 1451 1238 1544; x_wconf 78' lang='grc' dir='ltr'>γάλακτι</span> <span class='ocrx_word' id='word_1_76' title='bbox 1249 1455 1301 1517; x_wconf 80' lang='grc' dir='ltr'><strong>καὶ</strong></span> <span class='ocrx_word' id='word_1_77' title='bbox 1310 1453 1456 1543; x_wconf 68' lang='grc' dir='ltr'>πέμματα</span> 
     </span>
     <span class='ocr_line' id='line_1_10' title="bbox 336 1553 1457 1653; baseline 0.001 -26"><span class='ocrx_word' id='word_1_78' title='bbox 336 1553 520 1628; x_wconf 83' lang='grc' dir='ltr'>παντοδαποὶ</span> <span class='ocrx_word' id='word_1_79' title='bbox 535 1562 633 1651; x_wconf 69' lang='grc' dir='ltr'>μέλιτι</span> <span class='ocrx_word' id='word_1_80' title='bbox 649 1562 789 1650; x_wconf 78' lang='grc' dir='ltr'>φύροντες</span> <span class='ocrx_word' id='word_1_81' title='bbox 808 1564 860 1626; x_wconf 79' lang='grc' dir='ltr'><strong>καί</strong></span> <span class='ocrx_word' id='word_1_82' title='bbox 881 1563 969 1651; x_wconf 77' lang='grc' dir='ltr'>κρέα</span> <span class='ocrx_word' id='word_1_83' title='bbox 990 1564 1119 1651; x_wconf 74' lang='grc' dir='ltr'>χήνεια</span> <span class='ocrx_word' id='word_1_84' title='bbox 1135 1564 1175 1628; x_wconf 76' lang='grc' dir='ltr'><strong>τά</strong></span> <span class='ocrx_word' id='word_1_85' title='bbox 1190 1563 1243 1653; x_wconf 73' lang='grc' dir='ltr'>μὲν</span> <span class='ocrx_word' id='word_1_86' title='bbox 1258 1561 1396 1650; x_wconf 76' lang='grc' dir='ltr'>ἕψοντες,</span> <span class='ocrx_word' id='word_1_87' title='bbox 1416 1563 1457 1628; x_wconf 79' lang='grc' dir='ltr'><strong>τὰ</strong></span> 
     </span>
     <span class='ocr_line' id='line_1_11' title="bbox 338 1659 1457 1764; baseline 0.001 -26"><span class='ocrx_word' id='word_1_88' title='bbox 338 1665 362 1738; x_wconf 84' lang='grc' dir='ltr'><strong>δ’</strong></span> <span class='ocrx_word' id='word_1_89' title='bbox 374 1677 528 1749; x_wconf 82' lang='grc' dir='ltr'>ὀπτῶντες</span> <span class='ocrx_word' id='word_1_90' title='bbox 542 1673 743 1748; x_wconf 80' lang='grc' dir='ltr'>ἀνεκλείπτως</span> <span class='ocrx_word' id='word_1_91' title='bbox 757 1683 932 1763; x_wconf 77' lang='grc' dir='ltr'>χορηγοῦσι,</span> <span class='ocrx_word' id='word_1_92' title='bbox 946 1684 1010 1749; x_wconf 84' lang='grc' dir='ltr'>τοῖς</span> <span class='ocrx_word' id='word_1_93' title='bbox 1025 1663 1050 1737; x_wconf 83' lang='grc' dir='ltr'><strong>δ’</strong></span> <span class='ocrx_word' id='word_1_94' title='bbox 1061 1677 1237 1764; x_wconf 68' lang='grc' dir='ltr'>ὠμοφάγοις</span> <span class='ocrx_word' id='word_1_95' title='bbox 1250 1676 1371 1738; x_wconf 86' lang='grc' dir='ltr'>πολλοὶ</span> <span class='ocrx_word' id='word_1_96' title='bbox 1382 1659 1457 1739; x_wconf 72' lang='grc' dir='ltr'>τῶν</span> 
     </span>
     <span class='ocr_line' id='line_1_12' title="bbox 338 1781 1457 1874; baseline 0.003 -26"><span class='ocrx_word' id='word_1_97' title='bbox 338 1784 471 1874; x_wconf 84' lang='grc' dir='ltr'>ὀρνέων</span> <span class='ocrx_word' id='word_1_98' title='bbox 486 1781 705 1872; x_wconf 83' lang='grc' dir='ltr'>θηρεύοντες</span> <span class='ocrx_word' id='word_1_99' title='bbox 719 1784 954 1870; x_wconf 79' lang='grc' dir='ltr'>παραβάλλουσι</span> <span class='ocrx_word' id='word_1_100' title='bbox 976 1790 1158 1849; x_wconf 85' lang='lat' dir='ltr'><strong>Arctioribus</strong></span> <span class='ocrx_word' id='word_1_101' title='bbox 1169 1791 1278 1849; x_wconf 86' lang='lat' dir='ltr'><strong>finibus</strong></span> <span class='ocrx_word' id='word_1_102' title='bbox 1289 1790 1457 1851; x_wconf 88' lang='lat' dir='ltr'><strong>Herodotus</strong></span> 
     </span>
     <span class='ocr_line' id='line_1_13' title="bbox 338 1900 1455 1978; baseline -0.001 -17"><span class='ocrx_word' id='word_1_103' title='bbox 338 1901 483 1961; x_wconf 85' lang='lat' dir='ltr'><strong>sacrificia</strong></span> <span class='ocrx_word' id='word_1_104' title='bbox 502 1900 644 1959; x_wconf 80' lang='lat' dir='ltr'><strong>contineri</strong></span> <span class='ocrx_word' id='word_1_105' title='bbox 664 1900 752 1959; x_wconf 90' lang='lat' dir='ltr'><strong>solita</strong></span> <span class='ocrx_word' id='word_1_106' title='bbox 772 1919 838 1959; x_wconf 88' lang='lat' dir='ltr'><strong>osse</strong></span> <span class='ocrx_word' id='word_1_107' title='bbox 857 1900 947 1958; x_wconf 80' lang='lat' dir='ltr'><strong>tradit</strong></span> <span class='ocrx_word' id='word_1_108' title='bbox 968 1901 996 1958; x_wconf 83' lang='lat'><strong>2.</strong></span> <span class='ocrx_word' id='word_1_109' title='bbox 1013 1902 1068 1971; x_wconf 81' lang='lat'><strong>45,</strong></span> <span class='ocrx_word' id='word_1_110' title='bbox 1089 1901 1140 1976; x_wconf 90' lang='lat' dir='ltr'><strong>qui</strong></span> <span class='ocrx_word' id='word_1_111' title='bbox 1161 1901 1330 1978; x_wconf 79' lang='lat' dir='ltr'><strong>Aegyptiis,</strong></span> <span class='ocrx_word' id='word_1_112' title='bbox 1350 1902 1455 1978; x_wconf 89' lang='lat' dir='ltr'><strong>inquit,</strong></span> 
     </span>
     <span class='ocr_line' id='line_1_14' title="bbox 339 1997 1457 2095; baseline 0.001 -25"><span class='ocrx_word' id='word_1_113' title='bbox 339 1997 409 2070; x_wconf 86' lang='grc' dir='ltr'>οῦδὲ</span> <span class='ocrx_word' id='word_1_114' title='bbox 423 2005 538 2077; x_wconf 73' lang='grc' dir='ltr'>κτήνεα</span> <span class='ocrx_word' id='word_1_115' title='bbox 552 2006 618 2075; x_wconf 83' lang='grc' dir='ltr'>ὁσίη</span> <span class='ocrx_word' id='word_1_116' title='bbox 634 2002 712 2068; x_wconf 79' lang='grc' dir='ltr'>θόειν</span> <span class='ocrx_word' id='word_1_117' title='bbox 724 2006 790 2069; x_wconf 75' lang='grc' dir='ltr'>ἐστὶ</span> <span class='ocrx_word' id='word_1_118' title='bbox 804 2006 891 2092; x_wconf 80' lang='grc' dir='ltr'>χωρὶς</span> <span class='ocrx_word' id='word_1_119' title='bbox 906 2006 973 2067; x_wconf 90' lang='grc' dir='ltr'>ὀίων</span> <span class='ocrx_word' id='word_1_120' title='bbox 989 2006 1039 2068; x_wconf 79' lang='grc' dir='ltr'><strong>καὶ</strong></span> <span class='ocrx_word' id='word_1_121' title='bbox 1049 2004 1173 2093; x_wconf 66' lang='lat' dir='ltr'><strong>aprina</strong></span> <span class='ocrx_word' id='word_1_122' title='bbox 1185 2006 1263 2089; x_wconf 83' lang='grc' dir='ltr'>βοῦν</span> <span class='ocrx_word' id='word_1_123' title='bbox 1274 2007 1325 2068; x_wconf 85' lang='grc' dir='ltr'><strong>καὶ</strong></span> <span class='ocrx_word' id='word_1_124' title='bbox 1337 2007 1457 2095; x_wconf 81' lang='grc' dir='ltr'>μόαχων</span> 
     </span>
     <span class='ocr_line' id='line_1_15' title="bbox 339 2119 528 2205; baseline -0.005 -25"><span class='ocrx_word' id='word_1_125' title='bbox 339 2119 388 2182; x_wconf 82' lang='grc' dir='ltr'><strong>καὶ</strong></span> <span class='ocrx_word' id='word_1_126' title='bbox 401 2125 528 2205; x_wconf 82' lang='grc' dir='ltr'>χηνῶν.</span> 
     </span>
    </p>

    <p class='ocr_par' dir='ltr' id='par_1_3' title="bbox 339 2216 1457 2653">
     <span class='ocr_line' id='line_1_16' title="bbox 399 2216 1453 2310; baseline -0.001 -17"><span class='ocrx_word' id='word_1_127' title='bbox 399 2235 447 2293; x_wconf 78' lang='lat' dir='ltr'><strong>m</strong></span> <span class='ocrx_word' id='word_1_128' title='bbox 465 2232 503 2307; x_wconf 76' lang='lat' dir='ltr'><strong>ne</strong></span> <span class='ocrx_word' id='word_1_129' title='bbox 523 2231 612 2292; x_wconf 66' lang='lat' dir='ltr'><strong>nini</strong></span> <span class='ocrx_word' id='word_1_130' title='bbox 631 2231 699 2291; x_wconf 77' lang='lat' dir='ltr'><strong>nno</strong></span> <span class='ocrx_word' id='word_1_131' title='bbox 719 2233 796 2310; x_wconf 70' lang='lat' dir='ltr'><strong>apua</strong></span> <span class='ocrx_word' id='word_1_132' title='bbox 815 2234 985 2292; x_wconf 72' lang='lat' dir='ltr'><strong>Pnooenoes</strong></span> <span class='ocrx_word' id='word_1_133' title='bbox 1005 2232 1094 2291; x_wconf 73' lang='lat' dir='ltr'><strong>raus.</strong></span> <span class='ocrx_word' id='word_1_134' title='bbox 1114 2235 1163 2292; x_wconf 88' lang='grc' dir='ltr'><strong>ιο.</strong></span> <span class='ocrx_word' id='word_1_135' title='bbox 1180 2233 1229 2292; x_wconf 82' lang='lat'><strong>32.</strong></span> <span class='ocrx_word' id='word_1_136' title='bbox 1247 2234 1280 2293; x_wconf 59' lang='grc' dir='ltr'>νε</span> <span class='ocrx_word' id='word_1_137' title='bbox 1302 2225 1403 2291; x_wconf 69' lang='grc' dir='ltr'>θύωσι</span> <span class='ocrx_word' id='word_1_138' title='bbox 1424 2216 1453 2292; x_wconf 69' lang='lat' dir='ltr'><strong>t*</strong></span> 
     </span>
     <span class='ocr_line' id='line_1_17' title="bbox 340 2327 1457 2427; baseline 0 -25"><span class='ocrx_word' id='word_1_139' title='bbox 340 2340 388 2409; x_wconf 75' lang='grc' dir='ltr'><strong>καὶ</strong></span> <span class='ocrx_word' id='word_1_140' title='bbox 407 2340 478 2422; x_wconf 84' lang='grc' dir='ltr'>βοῦς</span> <span class='ocrx_word' id='word_1_141' title='bbox 497 2338 548 2400; x_wconf 85' lang='grc' dir='ltr'><strong>καὶ</strong></span> <span class='ocrx_word' id='word_1_142' title='bbox 567 2337 696 2425; x_wconf 75' lang='grc' dir='ltr'>ίλάρους</span> <span class='ocrx_word' id='word_1_143' title='bbox 715 2341 742 2400; x_wconf 91' lang='grc' dir='ltr'><strong>οἱ</strong></span> <span class='ocrx_word' id='word_1_144' title='bbox 761 2327 1033 2427; x_wconf 79' lang='grc' dir='ltr'>εὐδαιμονέστεροι,</span> <span class='ocrx_word' id='word_1_145' title='bbox 1054 2338 1119 2402; x_wconf 80' lang='grc' dir='ltr'>ὅσοι</span> <span class='ocrx_word' id='word_1_146' title='bbox 1139 2327 1173 2403; x_wconf 83' lang='grc' dir='ltr'><strong>δέ</strong></span> <span class='ocrx_word' id='word_1_147' title='bbox 1193 2344 1263 2402; x_wconf 84' lang='grc' dir='ltr'>εἰσιν</span> <span class='ocrx_word' id='word_1_148' title='bbox 1278 2329 1457 2414; x_wconf 75' lang='grc' dir='ltr'>ἀποδέοντες</span> 
     </span>
     <span class='ocr_line' id='line_1_18' title="bbox 339 2439 1455 2539; baseline 0.001 -26"><span class='ocrx_word' id='word_1_149' title='bbox 339 2449 477 2531; x_wconf 80' lang='grc' dir='ltr'>πλοθτῳ,</span> <span class='ocrx_word' id='word_1_150' title='bbox 498 2449 674 2536; x_wconf 76' lang='grc' dir='ltr'>καὶχῆνας</span> <span class='ocrx_word' id='word_1_151' title='bbox 689 2449 740 2511; x_wconf 83' lang='grc' dir='ltr'><strong>καὶ</strong></span> <span class='ocrx_word' id='word_1_152' title='bbox 755 2446 971 2536; x_wconf 80' lang='grc' dir='ltr'>ὄρνιθαςπάς</span> <span class='ocrx_word' id='word_1_153' title='bbox 985 2439 1253 2539; x_wconf 79' lang='grc' dir='ltr'>Μελεαγρίδας</span> <span class='ocrx_word' id='word_1_154' title='bbox 1281 2453 1367 2513; x_wconf 86' lang='lat' dir='ltr'><strong>Ovid.</strong></span> <span class='ocrx_word' id='word_1_155' title='bbox 1387 2456 1455 2514; x_wconf 85' lang='lat' dir='ltr'><strong>fast.</strong></span> 
     </span>
     <span class='ocr_line' id='line_1_19' title="bbox 341 2563 1278 2653; baseline 0.001 -30"><span class='ocrx_word' id='word_1_156' title='bbox 341 2569 366 2653; x_wconf 73' lang='lat'><strong>¹:</strong></span> <span class='ocrx_word' id='word_1_157' title='bbox 383 2567 462 2625; x_wconf 79' lang='lat'>453:</span> <span class='ocrx_word' id='word_1_158' title='bbox 506 2583 561 2624; x_wconf 91' lang='lat' dir='ltr'><strong>nec</strong></span> <span class='ocrx_word' id='word_1_159' title='bbox 573 2564 694 2623; x_wconf 79' lang='lat' dir='ltr'><strong>defensa</strong></span> <span class='ocrx_word' id='word_1_160' title='bbox 707 2565 807 2623; x_wconf 87' lang='lat' dir='ltr'><strong>iuvant</strong></span> <span class='ocrx_word' id='word_1_161' title='bbox 822 2563 983 2642; x_wconf 83' lang='lat' dir='ltr'><strong>Capitolia,</strong></span> <span class='ocrx_word' id='word_1_162' title='bbox 999 2566 1154 2642; x_wconf 82' lang='lat' dir='ltr'><strong>quominus</strong></span> <span class='ocrx_word' id='word_1_163' title='bbox 1168 2583 1278 2653; x_wconf 87' lang='lat' dir='ltr'><strong>anser</strong></span> 
     </span>
    </p>

    <p class='ocr_par' dir='ltr' id='par_1_4' title="bbox 339 2674 1458 4081">
     <span class='ocr_line' id='line_1_20' title="bbox 475 2674 1222 2749; baseline 0.004 -15"><span class='ocrx_word' id='word_1_164' title='bbox 475 2716 479 2720; x_wconf 63' lang='grc'><strong>«</strong></span> <span class='ocrx_word' id='word_1_165' title='bbox 530 2689 533 2693; x_wconf 89' lang='grc'><em>·</em></span> <span class='ocrx_word' id='word_1_166' title='bbox 584 2675 633 2734; x_wconf 90' lang='lat' dir='ltr'><strong>det</strong></span> <span class='ocrx_word' id='word_1_167' title='bbox 646 2676 728 2734; x_wconf 89' lang='lat' dir='ltr'><strong>iecur</strong></span> <span class='ocrx_word' id='word_1_168' title='bbox 741 2677 772 2733; x_wconf 92' lang='lat' dir='ltr'><strong>in</strong></span> <span class='ocrx_word' id='word_1_169' title='bbox 788 2675 904 2746; x_wconf 87' lang='lat' dir='ltr'><strong>lances,</strong></span> <span class='ocrx_word' id='word_1_170' title='bbox 918 2674 1022 2734; x_wconf 90' lang='lat' dir='ltr'><strong>Inachi</strong></span> <span class='ocrx_word' id='word_1_171' title='bbox 1035 2676 1131 2749; x_wconf 86' lang='lat' dir='ltr'><strong>lanta,</strong></span> <span class='ocrx_word' id='word_1_172' title='bbox 1147 2684 1222 2737; x_wconf 87' lang='lat' dir='ltr'><strong>tuas.</strong></span> 
     </span>
     <span class='ocr_line' id='line_1_21' title="bbox 339 2786 1167 2848; baseline 0.001 -2"><span class='ocrx_word' id='word_1_173' title='bbox 339 2786 370 2847; x_wconf 89' lang='lat' dir='ltr'><strong>io</strong></span> <span class='ocrx_word' id='word_1_174' title='bbox 384 2787 487 2848; x_wconf 81' lang='lat' dir='ltr'><strong>Inachi</strong></span> <span class='ocrx_word' id='word_1_175' title='bbox 501 2786 563 2845; x_wconf 86' lang='lat' dir='ltr'><strong>filia</strong></span> <span class='ocrx_word' id='word_1_176' title='bbox 577 2787 634 2846; x_wconf 84' lang='lat' dir='ltr'><strong>Isis</strong></span> <span class='ocrx_word' id='word_1_177' title='bbox 650 2795 704 2846; x_wconf 88' lang='lat' dir='ltr'><strong>est.</strong></span> <span class='ocrx_word' id='word_1_178' title='bbox 724 2820 760 2831; x_wconf 89' lang='lat'><strong>-—</strong></span> <span class='ocrx_word' id='word_1_179' title='bbox 778 2788 868 2845; x_wconf 78' lang='lat' dir='ltr'><strong>Porro</strong></span> <span class='ocrx_word' id='word_1_180' title='bbox 882 2786 1028 2846; x_wconf 88' lang='lat' dir='ltr'><strong>Iuvenalis</strong></span> <span class='ocrx_word' id='word_1_181' title='bbox 1045 2789 1073 2847; x_wconf 86' lang='grc' dir='ltr'><strong>θ.</strong></span> <span class='ocrx_word' id='word_1_182' title='bbox 1090 2789 1167 2847; x_wconf 82' lang='grc' dir='ltr'><strong>54οι</strong></span> 
     </span>
     <span class='ocr_line' id='line_1_22' title="bbox 421 2882 1362 2979; baseline 0.003 -22"><span class='ocrx_word' id='word_1_183' title='bbox 421 2882 457 2957; x_wconf 84' lang='lat' dir='ltr'><strong>ut</strong></span> <span class='ocrx_word' id='word_1_184' title='bbox 470 2898 585 2958; x_wconf 86' lang='lat' dir='ltr'><strong>veniam</strong></span> <span class='ocrx_word' id='word_1_185' title='bbox 600 2898 703 2975; x_wconf 88' lang='lat' dir='ltr'><strong>eulpae</strong></span> <span class='ocrx_word' id='word_1_186' title='bbox 717 2917 775 2956; x_wconf 92' lang='lat' dir='ltr'><strong>non</strong></span> <span class='ocrx_word' id='word_1_187' title='bbox 790 2898 900 2955; x_wconf 79' lang='lat' dir='ltr'><strong>abnuat</strong></span> <span class='ocrx_word' id='word_1_188' title='bbox 915 2892 999 2976; x_wconf 88' lang='lat' dir='ltr'><strong>(Isidi</strong></span> <span class='ocrx_word' id='word_1_189' title='bbox 1014 2894 1123 2978; x_wconf 82' lang='lat' dir='ltr'><strong>uxori),</strong></span> <span class='ocrx_word' id='word_1_190' title='bbox 1138 2918 1242 2960; x_wconf 84' lang='lat' dir='ltr'><strong>ansere</strong></span> <span class='ocrx_word' id='word_1_191' title='bbox 1256 2916 1362 2979; x_wconf 81' lang='lat' dir='ltr'><strong>magno</strong></span> 
     </span>
     <span class='ocr_line' id='line_1_23' title="bbox 423 3008 1122 3086; baseline 0.003 -17"><span class='ocrx_word' id='word_1_192' title='bbox 423 3008 538 3069; x_wconf 85' lang='lat' dir='ltr'><strong>scilicet</strong></span> <span class='ocrx_word' id='word_1_193' title='bbox 552 3017 582 3067; x_wconf 88' lang='lat' dir='ltr'><strong>et</strong></span> <span class='ocrx_word' id='word_1_194' title='bbox 596 3009 677 3067; x_wconf 90' lang='lat' dir='ltr'><strong>tenui</strong></span> <span class='ocrx_word' id='word_1_195' title='bbox 691 3028 807 3086; x_wconf 86' lang='lat' dir='ltr'><strong>popano</strong></span> <span class='ocrx_word' id='word_1_196' title='bbox 821 3017 975 3086; x_wconf 84' lang='lat' dir='ltr'><strong>corruptus</strong></span> <span class='ocrx_word' id='word_1_197' title='bbox 990 3008 1122 3071; x_wconf 83' lang='lat' dir='ltr'><strong>Osiris.</strong></span> 
     </span>
     <span class='ocr_line' id='line_1_24' title="bbox 339 3119 1458 3197; baseline 0.003 -17"><span class='ocrx_word' id='word_1_198' title='bbox 339 3120 409 3181; x_wconf 89' lang='lat' dir='ltr'><strong>Isidi</strong></span> <span class='ocrx_word' id='word_1_199' title='bbox 431 3120 469 3179; x_wconf 83' lang='lat' dir='ltr'><strong>ab</strong></span> <span class='ocrx_word' id='word_1_200' title='bbox 491 3119 557 3197; x_wconf 89' lang='lat' dir='ltr'><strong>ipsa</strong></span> <span class='ocrx_word' id='word_1_201' title='bbox 577 3120 633 3178; x_wconf 87' lang='lat' dir='ltr'><strong>dea</strong></span> <span class='ocrx_word' id='word_1_202' title='bbox 653 3120 751 3179; x_wconf 85' lang='lat' dir='ltr'><strong>iussus</strong></span> <span class='ocrx_word' id='word_1_203' title='bbox 773 3120 875 3180; x_wconf 91' lang='lat' dir='ltr'><strong>Aelius</strong></span> <span class='ocrx_word' id='word_1_204' title='bbox 896 3121 1042 3181; x_wconf 83' lang='lat' dir='ltr'><strong>Aristides</strong></span> <span class='ocrx_word' id='word_1_205' title='bbox 1064 3123 1163 3181; x_wconf 86' lang='lat' dir='ltr'><strong>rhetor</strong></span> <span class='ocrx_word' id='word_1_206' title='bbox 1181 3125 1235 3182; x_wconf 89' lang='lat' dir='ltr'><strong>sub</strong></span> <span class='ocrx_word' id='word_1_207' title='bbox 1255 3124 1406 3183; x_wconf 83' lang='lat' dir='ltr'><strong>Hadriano</strong></span> <span class='ocrx_word' id='word_1_208' title='bbox 1427 3134 1458 3183; x_wconf 89' lang='lat' dir='ltr'><strong>et</strong></span> 
     </span>
     <span class='ocr_line' id='line_1_25' title="bbox 339 3225 1455 3312; baseline 0.005 -23"><span class='ocrx_word' id='word_1_209' title='bbox 339 3231 498 3291; x_wconf 83' lang='lat' dir='ltr'><strong>Antoninis</strong></span> <span class='ocrx_word' id='word_1_210' title='bbox 517 3231 624 3289; x_wconf 83' lang='lat' dir='ltr'><strong>florens</strong></span> <span class='ocrx_word' id='word_1_211' title='bbox 644 3228 787 3307; x_wconf 82' lang='lat' dir='ltr'><strong>Smyrnae</strong></span> <span class='ocrx_word' id='word_1_212' title='bbox 807 3249 928 3290; x_wconf 89' lang='lat' dir='ltr'><strong>anseres</strong></span> <span class='ocrx_word' id='word_1_213' title='bbox 948 3232 1005 3289; x_wconf 92' lang='lat' dir='ltr'><strong>duo</strong></span> <span class='ocrx_word' id='word_1_214' title='bbox 1024 3232 1198 3291; x_wconf 79' lang='lat' dir='ltr'><strong>sacrificavit</strong></span> <span class='ocrx_word' id='word_1_215' title='bbox 1219 3225 1353 3312; x_wconf 80' lang='lat' dir='ltr'><strong>(Aristid.</strong></span> <span class='ocrx_word' id='word_1_216' title='bbox 1369 3254 1455 3295; x_wconf 88' lang='lat' dir='ltr'><strong>serm.</strong></span> 
     </span>
     <span class='ocr_line' id='line_1_26' title="bbox 340 3334 1457 3418; baseline 0.001 -16"><span class='ocrx_word' id='word_1_217' title='bbox 340 3362 412 3403; x_wconf 86' lang='lat' dir='ltr'><strong>sacr.</strong></span> <span class='ocrx_word' id='word_1_218' title='bbox 430 3346 448 3401; x_wconf 89' lang='lat'><strong>3</strong></span> <span class='ocrx_word' id='word_1_219' title='bbox 469 3344 568 3401; x_wconf 90' lang='lat' dir='ltr'><strong>tom.l</strong></span> <span class='ocrx_word' id='word_1_220' title='bbox 591 3362 620 3418; x_wconf 89' lang='lat' dir='ltr'><strong>p.</strong></span> <span class='ocrx_word' id='word_1_221' title='bbox 634 3342 696 3400; x_wconf 86' lang='grc'><strong>500</strong></span> <span class='ocrx_word' id='word_1_222' title='bbox 715 3341 767 3399; x_wconf 91' lang='lat' dir='ltr'><strong>lin.</strong></span> <span class='ocrx_word' id='word_1_223' title='bbox 784 3344 821 3399; x_wconf 88' lang='grc'><strong>10</strong></span> <span class='ocrx_word' id='word_1_224' title='bbox 836 3334 950 3418; x_wconf 71' lang='lat' dir='ltr'><strong>Dina).</strong></span> <span class='ocrx_word' id='word_1_225' title='bbox 978 3341 1065 3417; x_wconf 87' lang='lat' dir='ltr'><strong>Apud</strong></span> <span class='ocrx_word' id='word_1_226' title='bbox 1086 3342 1232 3401; x_wconf 83' lang='lat' dir='ltr'><strong>Romanos</strong></span> <span class='ocrx_word' id='word_1_227' title='bbox 1253 3363 1272 3400; x_wconf 87' lang='lat' dir='ltr'><strong>a</strong></span> <span class='ocrx_word' id='word_1_228' title='bbox 1290 3344 1457 3403; x_wconf 80' lang='lat' dir='ltr'><strong>numinibus</strong></span> 
     </span>
     <span class='ocr_line' id='line_1_27' title="bbox 339 3451 1456 3532; baseline -0.001 -20"><span class='ocrx_word' id='word_1_229' title='bbox 339 3456 463 3532; x_wconf 79' lang='lat' dir='ltr'><strong>Aegypt.</strong></span> <span class='ocrx_word' id='word_1_230' title='bbox 484 3452 585 3510; x_wconf 88' lang='lat' dir='ltr'><strong>eadem</strong></span> <span class='ocrx_word' id='word_1_231' title='bbox 606 3452 724 3511; x_wconf 88' lang='lat' dir='ltr'><strong>victima</strong></span> <span class='ocrx_word' id='word_1_232' title='bbox 743 3451 886 3528; x_wconf 80' lang='lat' dir='ltr'><strong>paulatim</strong></span> <span class='ocrx_word' id='word_1_233' title='bbox 907 3452 997 3509; x_wconf 90' lang='lat' dir='ltr'><strong>etiam</strong></span> <span class='ocrx_word' id='word_1_234' title='bbox 1016 3451 1054 3509; x_wconf 87' lang='lat' dir='ltr'><strong>ad</strong></span> <span class='ocrx_word' id='word_1_235' title='bbox 1073 3451 1144 3511; x_wconf 87' lang='lat' dir='ltr'><strong>deos</strong></span> <span class='ocrx_word' id='word_1_236' title='bbox 1158 3453 1308 3511; x_wconf 88' lang='lat' dir='ltr'><strong>Romanos</strong></span> <span class='ocrx_word' id='word_1_237' title='bbox 1328 3454 1456 3512; x_wconf 73' lang='lat' dir='ltr'><strong>transiit,</strong></span> 
     </span>
     <span class='ocr_line' id='line_1_28' title="bbox 339 3563 601 3622; baseline 0 -1"><span class='ocrx_word' id='word_1_238' title='bbox 339 3563 485 3622; x_wconf 87' lang='lat' dir='ltr'><strong>Martialis</strong></span> <span class='ocrx_word' id='word_1_239' title='bbox 501 3564 530 3621; x_wconf 83' lang='lat'><strong>9.</strong></span> <span class='ocrx_word' id='word_1_240' title='bbox 547 3565 601 3622; x_wconf 82' lang='lat'><strong>31:</strong></span> 
     </span>
     <span class='ocr_line' id='line_1_29' title="bbox 492 3671 1236 3747; baseline 0 -16"><span class='ocrx_word' id='word_1_241' title='bbox 492 3672 589 3747; x_wconf 88' lang='lat' dir='ltr'><strong>Quum</strong></span> <span class='ocrx_word' id='word_1_242' title='bbox 605 3692 702 3732; x_wconf 85' lang='lat' dir='ltr'><strong>comes</strong></span> <span class='ocrx_word' id='word_1_243' title='bbox 717 3672 833 3733; x_wconf 82' lang='lat' dir='ltr'><strong>Aretois</strong></span> <span class='ocrx_word' id='word_1_244' title='bbox 848 3672 982 3732; x_wconf 86' lang='lat' dir='ltr'><strong>haereret</strong></span> <span class='ocrx_word' id='word_1_245' title='bbox 996 3671 1133 3731; x_wconf 81' lang='lat' dir='ltr'><strong>Caesaris</strong></span> <span class='ocrx_word' id='word_1_246' title='bbox 1147 3672 1236 3731; x_wconf 87' lang='lat' dir='ltr'><strong>armis</strong></span> 
     </span>
     <span class='ocr_line' id='line_1_30' title="bbox 542 3783 1224 3861; baseline 0 -20"><span class='ocrx_word' id='word_1_247' title='bbox 542 3783 658 3855; x_wconf 88' lang='lat' dir='ltr'><strong>Velius,</strong></span> <span class='ocrx_word' id='word_1_248' title='bbox 674 3786 749 3842; x_wconf 85' lang='lat' dir='ltr'><strong>hano</strong></span> <span class='ocrx_word' id='word_1_249' title='bbox 763 3784 871 3843; x_wconf 89' lang='lat' dir='ltr'><strong>Marti</strong></span> <span class='ocrx_word' id='word_1_250' title='bbox 885 3804 939 3861; x_wconf 90' lang='lat' dir='ltr'><strong>pro</strong></span> <span class='ocrx_word' id='word_1_251' title='bbox 954 3785 1026 3842; x_wconf 86' lang='lat' dir='ltr'><strong>duce</strong></span> <span class='ocrx_word' id='word_1_252' title='bbox 1041 3784 1119 3841; x_wconf 83' lang='lat' dir='ltr'><strong>vovit</strong></span> <span class='ocrx_word' id='word_1_253' title='bbox 1133 3802 1224 3842; x_wconf 87' lang='lat' dir='ltr'><strong>avem.</strong></span> 
     </span>
     <span class='ocr_line' id='line_1_31' title="bbox 492 3894 1278 3972; baseline 0.001 -20"><span class='ocrx_word' id='word_1_254' title='bbox 492 3894 560 3972; x_wconf 85' lang='lat' dir='ltr'><strong>Ipse</strong></span> <span class='ocrx_word' id='word_1_255' title='bbox 575 3913 643 3953; x_wconf 87' lang='lat' dir='ltr'><strong>suas</strong></span> <span class='ocrx_word' id='word_1_256' title='bbox 659 3913 746 3953; x_wconf 85' lang='lat' dir='ltr'><strong>anser</strong></span> <span class='ocrx_word' id='word_1_257' title='bbox 759 3896 926 3971; x_wconf 86' lang='lat' dir='ltr'><strong>properavit</strong></span> <span class='ocrx_word' id='word_1_258' title='bbox 940 3894 1034 3952; x_wconf 86' lang='lat' dir='ltr'><strong>laetus</strong></span> <span class='ocrx_word' id='word_1_259' title='bbox 1049 3894 1086 3951; x_wconf 87' lang='lat' dir='ltr'><strong>ad</strong></span> <span class='ocrx_word' id='word_1_260' title='bbox 1100 3913 1167 3953; x_wconf 84' lang='lat' dir='ltr'><strong>aras</strong></span> <span class='ocrx_word' id='word_1_261' title='bbox 1274 3949 1278 3958; x_wconf 83' lang='lat'><em>,</em></span> 
     </span>
     <span class='ocr_line' id='line_1_32' title="bbox 544 3983 1244 4081; baseline 0.001 -18"><span class='ocrx_word' id='word_1_262' title='bbox 544 4012 574 4063; x_wconf 89' lang='lat' dir='ltr'><strong>et</strong></span> <span class='ocrx_word' id='word_1_263' title='bbox 588 4004 692 4064; x_wconf 90' lang='lat' dir='ltr'><strong>cecidit</strong></span> <span class='ocrx_word' id='word_1_264' title='bbox 707 4005 815 4063; x_wconf 87' lang='lat' dir='ltr'><strong>sanctis</strong></span> <span class='ocrx_word' id='word_1_265' title='bbox 831 4003 929 4063; x_wconf 89' lang='lat' dir='ltr'><strong>hostia</strong></span> <span class='ocrx_word' id='word_1_266' title='bbox 942 4024 1033 4081; x_wconf 88' lang='lat' dir='ltr'><strong>parva</strong></span> <span class='ocrx_word' id='word_1_267' title='bbox 1046 4003 1128 4064; x_wconf 85' lang='lat' dir='ltr'><strong>iocis.</strong></span> <span class='ocrx_word' id='word_1_268' title='bbox 1240 3983 1244 3992; x_wconf 35' lang='grc' dir='ltr'>Ι</span> 
     </span>
    </p>

    <p class='ocr_par' dir='ltr' id='par_1_5' title="bbox 402 4100 1457 4192">
     <span class='ocr_line' id='line_1_33' title="bbox 402 4100 1457 4192; baseline 0.004 -18"><span class='ocrx_word' id='word_1_269' title='bbox 402 4113 537 4174; x_wconf 86' lang='lat' dir='ltr'><strong>Vidimus</strong></span> <span class='ocrx_word' id='word_1_270' title='bbox 559 4116 646 4173; x_wconf 85' lang='lat' dir='ltr'><strong>etiam</strong></span> <span class='ocrx_word' id='word_1_271' title='bbox 668 4100 862 4192; x_wconf 79' lang='lat' dir='ltr'><strong>Meleagrides</strong></span> <span class='ocrx_word' id='word_1_272' title='bbox 884 4133 953 4174; x_wconf 88' lang='lat' dir='ltr'><strong>aves</strong></span> <span class='ocrx_word' id='word_1_273' title='bbox 969 4115 1040 4173; x_wconf 91' lang='lat' dir='ltr'><strong>Isidi</strong></span> <span class='ocrx_word' id='word_1_274' title='bbox 1063 4134 1129 4175; x_wconf 88' lang='lat' dir='ltr'><strong>esse</strong></span> <span class='ocrx_word' id='word_1_275' title='bbox 1149 4126 1301 4177; x_wconf 87' lang='lat' dir='ltr'><strong>mactatas.</strong></span> <span class='ocrx_word' id='word_1_276' title='bbox 1336 4117 1457 4179; x_wconf 86' lang='lat' dir='ltr'><strong>Graecis</strong></span> 
     </span>
    </p>

    <p class='ocr_par' dir='ltr' id='par_1_6' title="bbox 337 4224 1456 4304">
     <span class='ocr_line' id='line_1_34' title="bbox 337 4224 1456 4304; baseline 0.003 -22"><span class='ocrx_word' id='word_1_277' title='bbox 337 4224 508 4284; x_wconf 88' lang='lat' dir='ltr'><strong>numinibus</strong></span> <span class='ocrx_word' id='word_1_278' title='bbox 523 4245 580 4286; x_wconf 92' lang='lat' dir='ltr'><strong>non</strong></span> <span class='ocrx_word' id='word_1_279' title='bbox 599 4226 839 4296; x_wconf 86' lang='lat' dir='ltr'><strong>immolabantur,</strong></span> <span class='ocrx_word' id='word_1_280' title='bbox 862 4225 914 4283; x_wconf 90' lang='lat' dir='ltr'><strong>sed</strong></span> <span class='ocrx_word' id='word_1_281' title='bbox 929 4243 1030 4285; x_wconf 82' lang='lat' dir='ltr'><strong>sacrae</strong></span> <span class='ocrx_word' id='word_1_282' title='bbox 1052 4234 1135 4285; x_wconf 88' lang='lat' dir='ltr'><strong>erant</strong></span> <span class='ocrx_word' id='word_1_283' title='bbox 1149 4228 1265 4287; x_wconf 87' lang='lat' dir='ltr'><strong>Dianae</strong></span> <span class='ocrx_word' id='word_1_284' title='bbox 1277 4228 1378 4304; x_wconf 67' lang='lat' dir='ltr'><strong>&#39;neque</strong></span> <span class='ocrx_word' id='word_1_285' title='bbox 1392 4236 1456 4285; x_wconf 87' lang='lat' dir='ltr'><strong>tan·</strong></span> 
     </span>
    </p>
   </div>
   <div class='ocr_carea' id='block_1_3' title="bbox 336 4321 1456 4432">
    <p class='ocr_par' dir='ltr' id='par_1_7' title="bbox 336 4321 1456 4432">
     <span class='ocr_line' id='line_1_35' title="bbox 336 4321 1456 4432; baseline 0.001 -38"><span class='ocrx_word' id='word_1_286' title='bbox 336 4336 632 4432; x_wconf 68' lang='lat' dir='ltr'><strong>gebantur..Aelian.</strong></span> <span class='ocrx_word' id='word_1_287' title='bbox 655 4336 690 4393; x_wconf 92' lang='lat' dir='ltr'><strong>de</strong></span> <span class='ocrx_word' id='word_1_288' title='bbox 710 4343 769 4393; x_wconf 86' lang='lat' dir='ltr'><strong>nat.</strong></span> <span class='ocrx_word' id='word_1_289' title='bbox 789 4335 878 4395; x_wconf 86' lang='lat' dir='ltr'><strong>anim.</strong></span> <span class='ocrx_word' id='word_1_290' title='bbox 900 4339 928 4396; x_wconf 80' lang='lat'><strong>4.</strong></span> <span class='ocrx_word' id='word_1_291' title='bbox 953 4336 1008 4395; x_wconf 82' lang='lat'><strong>42:</strong></span> <span class='ocrx_word' id='word_1_292' title='bbox 1030 4323 1094 4396; x_wconf 80' lang='grc' dir='ltr'>ὀποί</span> <span class='ocrx_word' id='word_1_293' title='bbox 1114 4321 1149 4395; x_wconf 86' lang='grc' dir='ltr'><strong>δὲ</strong></span> <span class='ocrx_word' id='word_1_294' title='bbox 1169 4331 1226 4421; x_wconf 77' lang='grc' dir='ltr'>ἄρα</span> <span class='ocrx_word' id='word_1_295' title='bbox 1247 4321 1400 4395; x_wconf 82' lang='grc' dir='ltr'>αἰδοῦνται</span> <span class='ocrx_word' id='word_1_296' title='bbox 1419 4332 1456 4395; x_wconf 83' lang='grc' dir='ltr'>τό</span> 
     </span>
    </p>
   </div>
   <div class='ocr_carea' id='block_1_4' title="bbox 339 4432 1456 4638">
    <p class='ocr_par' dir='ltr' id='par_1_8' title="bbox 339 4432 1456 4638">
     <span class='ocr_line' id='line_1_36' title="bbox 339 4432 1456 4530; baseline 0.004 -28"><span class='ocrx_word' id='word_1_297' title='bbox 339 4436 431 4519; x_wconf 83' lang='grc' dir='ltr'>θεῶν,</span> <span class='ocrx_word' id='word_1_298' title='bbox 447 4440 499 4502; x_wconf 84' lang='grc' dir='ltr'><strong>καὶ</strong></span> <span class='ocrx_word' id='word_1_299' title='bbox 514 4445 539 4501; x_wconf 87' lang='grc' dir='ltr'><strong>εἰ</strong></span> <span class='ocrx_word' id='word_1_300' title='bbox 554 4444 671 4526; x_wconf 76' lang='grc' dir='ltr'>μᾶλλον</span> <span class='ocrx_word' id='word_1_301' title='bbox 685 4441 740 4510; x_wconf 69' lang='grc' dir='ltr'>πάν</span> <span class='ocrx_word' id='word_1_302' title='bbox 756 4436 906 4530; x_wconf 80' lang='grc' dir='ltr'>Ἄρτεμιν,</span> <span class='ocrx_word' id='word_1_303' title='bbox 929 4445 983 4505; x_wconf 81' lang='grc' dir='ltr'><strong>οῦκ</strong></span> <span class='ocrx_word' id='word_1_304' title='bbox 999 4440 1035 4505; x_wconf 83' lang='grc' dir='ltr'>ἄν</span> <span class='ocrx_word' id='word_1_305' title='bbox 1049 4464 1124 4505; x_wconf 84' lang='grc' dir='ltr'>ποτε</span> <span class='ocrx_word' id='word_1_306' title='bbox 1142 4432 1239 4505; x_wconf 81' lang='grc' dir='ltr'>τῶνδε</span> <span class='ocrx_word' id='word_1_307' title='bbox 1258 4450 1320 4503; x_wconf 83' lang='grc' dir='ltr'>τῶν</span> <span class='ocrx_word' id='word_1_308' title='bbox 1335 4440 1456 4529; x_wconf 83' lang='grc' dir='ltr'>ὀρνίθων</span> 
     </span>
     <span class='ocr_line' id='line_1_37' title="bbox 339 4545 1456 4638; baseline 0.004 -27"><span class='ocrx_word' id='word_1_309' title='bbox 339 4550 388 4611; x_wconf 81' lang='grc' dir='ltr'><strong>ἐπὶ</strong></span> <span class='ocrx_word' id='word_1_310' title='bbox 403 4549 516 4636; x_wconf 74' lang='grc' dir='ltr'>τρορθν</span> <span class='ocrx_word' id='word_1_311' title='bbox 529 4545 746 4638; x_wconf 69' lang='grc' dir='ltr'>προσάψαιντο·</span> <span class='ocrx_word' id='word_1_312' title='bbox 767 4552 819 4614; x_wconf 82' lang='grc' dir='ltr'><strong>καὶ</strong></span> <span class='ocrx_word' id='word_1_313' title='bbox 833 4552 853 4623; x_wconf 80' lang='grc' dir='ltr'>ἥ</span> <span class='ocrx_word' id='word_1_314' title='bbox 867 4576 912 4626; x_wconf 84' lang='grc' dir='ltr'><strong>τις</strong></span> <span class='ocrx_word' id='word_1_315' title='bbox 931 4557 950 4624; x_wconf 77' lang='grc' dir='ltr'><strong>ἡ</strong></span> <span class='ocrx_word' id='word_1_316' title='bbox 966 4553 1063 4629; x_wconf 80' lang='grc' dir='ltr'>αἰτία,</span> <span class='ocrx_word' id='word_1_317' title='bbox 1078 4556 1175 4614; x_wconf 80' lang='grc' dir='ltr'>ἴσασιν</span> <span class='ocrx_word' id='word_1_318' title='bbox 1189 4556 1217 4614; x_wconf 85' lang='grc' dir='ltr'><strong>οἱ</strong></span> <span class='ocrx_word' id='word_1_319' title='bbox 1235 4550 1292 4621; x_wconf 73' lang='grc' dir='ltr'>τὴν</span> <span class='ocrx_word' id='word_1_320' title='bbox 1309 4562 1397 4625; x_wconf 75' lang='grc' dir='ltr'>νῆσον</span> <span class='ocrx_word' id='word_1_321' title='bbox 1412 4559 1456 4616; x_wconf 86' lang='grc' dir='ltr'><strong>οἰ-</strong></span> 
     </span>
    </p>
   </div>
   <div class='ocr_carea' id='block_1_5' title="bbox 0 0 1808 5400">
    <p class='ocr_par' dir='ltr' id='par_1_9' title="bbox 0 0 1808 5400">
     <span class='ocr_line' id='line_1_38' title="bbox 0 0 1808 5400; baseline 0 0"><span class='ocrx_word' id='word_1_322' title='bbox 0 0 1808 5400; x_wconf 95' lang='lat' dir='ltr'><strong> </strong></span> 
     </span>
    </p>
   </div>
  </div>
 </body>
</html>
