3592 5400
845 645 957 691 sorra.
1343 630 1384 691 25

453 836 533 903 Ibid.
554 837 624 904 Lin.
649 841 700 903 21.
723 840 779 902 καὶ
803 845 905 920 συνῆν
921 885 1027 902 .....
1040 838 1133 926 μέχρι
1155 839 1305 922 τελευτῆς
1322 841 1383 905 αυ-

409 979 466 1040 τοῦ
491 979 621 1062 χρόνον.
646 977 695 1043 Ita
717 976 783 1044 MS.
807 977 915 1065 Adjeoi
938 977 1108 1044 articulum

453 1254 533 1321 Ibid.
563 1255 632 1321 Irin.
663 1259 714 1322 23.
746 1254 947 1340 Ελκοσαέτης
977 1263 1160 1343 τυγχάνων.
1186 1258 1253 1325 MS.
1277 1259 1385 1327 Veraio

411 1394 449 1461 V.
479 1395 515 1461 L.
550 1418 618 1461 aram
649 1419 740 1483 eoque
769 1420 865 1463 συκοι
893 1399 1007 1483 violati
1036 1406 1176 1464 versatur
1209 1407 1270 1478 eat,
1303 1401 1384 1466 aiant

408 1537 476 1622 ipae
513 1536 661 1602 declarat.
700 1536 935 1604 Pseudo-Amm.
969 1537 1221 1619 τελευτήσαντος
1256 1539 1291 1604 δὲ
1328 1546 1383 1606 τοῦ

409 1679 607 1759 Σωκράτους
631 1687 730 1760 φοιτᾷ
753 1675 926 1756 Πλάτωνι,
952 1681 1008 1742 καὶ
1032 1680 1305 1762 aelemosinam
1326 1679 1384 1765 ἕτη

411 1813 452 1879 κ’.
490 1816 615 1902 Dionys.
648 1817 747 1883 Halio.
783 1820 839 1881 καλ
871 1821 1048 1893 συσταθεὶς
1078 1817 1236 1884 Πλάτωνι
1267 1825 1383 1906 χρόνον

410 1959 576 2037 εἰκοσαετῆ
601 1954 750 2042 διέτριψε
775 1958 833 2023 συν
855 1957 956 2042 αὐτῷ.
979 1959 1157 2025 Aristotelea
1173 1961 1383 2048 septemdecim

409 2119 504 2162 annos
527 2102 616 2161 natus
639 2097 771 2163 Socratis
793 2097 829 2163 fit
848 2097 1032 2185 discipulus,
1050 2105 1085 2164 ut
1102 2105 1205 2165 noster
1222 2098 1385 2177 fabulatur,

409 2257 461 2324 per
490 2242 551 2300 tres
581 2257 691 2301 annos:
720 2237 829 2324 viginti
861 2258 955 2301 annos
978 2244 1067 2302 natus
1090 2237 1207 2303 audivit
1228 2237 1384 2303 Platonem

407 2397 460 2462 per
489 2397 583 2439 annos
611 2375 728 2462 viginti.
751 2374 841 2440 Unde
864 2375 1010 2462 conjicere
1033 2376 1119 2452 lieet.
1142 2375 1215 2441 olim
1239 2377 1384 2463 seriptum

407 2514 502 2579 luisse
533 2516 588 2576 καλ
620 2522 722 2596 συνῆν
755 2520 859 2597 τούτῳ
891 2515 948 2578 τὸν
976 2512 1069 2599 μέχρι
1103 2512 1252 2596 τελευτῆς
1284 2513 1383 2578 αὐτοῦ

410 2657 527 2740 χρόνον
551 2653 673 2720 εἴκοσιν
698 2652 754 2739 ἔτη
775 2656 959 2737 εἷκοσαετῆς
980 2659 1164 2740 τυγχάνων.
1186 2661 1217 2722 et
1235 2654 1307 2721 hino
1324 2655 1385 2721 for·

408 2801 488 2860 tasse
520 2796 611 2860 fluxit
641 2801 782 2861 accentus
815 2797 939 2873 vitium,
969 2795 1048 2882 quod
1072 2794 1160 2861 habet
1184 2792 1380 2878 εἰκοσαέτης.

408 2933 473 3006 Qui
502 2940 602 3000 tamen
633 2935 777 3000 continno
809 2936 993 3016 εἰκοσαετῆς
1021 2940 1193 3019 τυγχάνων
1217 2955 1269 3021 per
1291 2955 1385 2998 annos

409 3073 518 3160 viginti
549 3072 670 3139 Platoni
703 3071 922 3151 συγγενέσθαι
954 3074 1078 3161 potuit?
1109 3074 1216 3159 Itaque
1238 3071 1309 3137 haec
1333 3095 1382 3159 po·

408 3220 517 3278 strema
547 3211 687 3279 videntur
718 3212 858 3291 delenda;
890 3212 971 3297 quod
996 3214 1022 3277 si
1045 3235 1082 3278 ex
1105 3220 1205 3277 mente
1228 3210 1383 3299 biographi

408 3351 490 3438 (vide
508 3373 578 3416 mox
591 3356 910 3436 τεσσαρακοντουτης
923 3348 1161 3436 Ἀριστοτέλης
1174 3360 1272 3433 φοιτᾷ
1285 3347 1382 3413 Πλά-

407 3489 500 3577 τωνι)
525 3489 669 3555 servanda
692 3491 768 3566 sint,
793 3490 1013 3577 transponenda
1031 3497 1061 3554 et
1080 3488 1206 3576 legenda
1225 3499 1296 3553 sunt
1315 3494 1384 3553 ante

408 3630 496 3697 verba
527 3632 582 3693 καὶ
614 3637 715 3712 συνῆν
748 3635 852 3713 τουτῳ
884 3656 915 3693 κ.
945 3656 975 3693 τ.
1008 3634 1049 3709 εἰ,
1082 3634 1113 3694 et
1142 3629 1186 3693 sio
1216 3651 1248 3693 se
1278 3626 1384 3693 habeat

407 3770 506 3836 locus:
539 3773 620 3852 μετά
652 3768 687 3833 δὲ
723 3777 838 3837 τοῦτον
874 3780 973 3853 φοιτᾷ
1008 3767 1166 3833 Πλάτωνι
1199 3770 1382 3849 εἷκοσαετὴς

408 3916 594 3995 τυγχάνων,
616 3912 671 3974 καὶ
692 3918 793 3991 συνῆν
812 3911 917 3992 τούτῳ
937 3910 994 3973 τὸν
1012 3906 1105 3993 μέχρι
1120 3906 1269 3989 τελευτῆς
1282 3906 1381 3972 αὐτοῦ

408 4055 524 4135 χρόνον
550 4049 671 4114 εἴκοσιν
696 4048 765 4132 ἔτη.
790 4048 931 4114 Getarum
956 4047 1172 4114 observandum
1192 4055 1238 4112 est
1256 4047 1381 4134 Apollo·

406 4188 509 4254 dorum
534 4189 566 4252 in
588 4187 747 4253 Chroniois
772 4187 863 4276 (apud
887 4187 1054 4276 Diogenem
1073 4186 1243 4269 Laertium)
1268 4185 1381 4265 dicere,

404 4326 597 4394 Aristotelem
620 4326 831 4414 septemdecim
855 4350 949 4393 annos
971 4332 1076 4392 natum
1098 4327 1207 4391 adiisse
1222 4325 1379 4390 Platonem

404 4474 435 4533 et
468 4490 520 4556 per
554 4468 662 4555 viginti
697 4489 791 4532 annos
825 4465 916 4553 hujus
948 4463 1064 4531 soholas
1095 4465 1306 4551 frequentasse.
1338 4501 1381 4512 —
