3592 5400
765 534 808 576 ns
827 534 1034 577 pannosiora.
1397 514 1458 577 tlt

338 686 440 774 χώραν
453 684 507 747 καὶ
520 674 605 757 τάξιν
620 682 805 766 ἀπολάβωσι
835 682 974 767 (Eosdem
995 706 1096 748 versus
1116 689 1236 764 respicit
1254 688 1332 747 Plut.
1349 690 1386 747 de
1400 690 1458 750 dol.

339 820 434 863 oreae.
458 802 497 860 lli
516 820 544 877 p.
560 802 621 859 418
637 794 681 877 e.)
710 799 814 871 Genii,
841 818 914 876 quos
935 799 1058 877 siugulis
1079 799 1245 859 homiuibus
1266 801 1458 877 Empedoclea

339 912 451 983 tribuit,
467 930 526 969 nou
541 919 602 969 tam
617 911 737 969 numina
749 918 834 981 eunt,
849 929 936 986 quam
951 911 1041 968 atiimi
1056 910 1196 988 impetus,
1211 928 1268 987 quo
1282 911 1406 987 quisque
1420 912 1458 970 ad

338 1026 523 1084 honestatem
537 1022 665 1098 vitiaque
678 1023 819 1081 trahatur.
849 1023 896 1080 Ab
907 1019 1074 1081 notionibus
1085 1023 1162 1080 euim
1174 1030 1203 1079 et
1214 1022 1330 1098 ingenio
1341 1024 1460 1081 nomina

338 1134 483 1193 formavit.
517 1133 588 1192 Plut
606 1133 643 1190 de
662 1141 777 1208 tranqu.
798 1133 888 1191 animi
913 1134 949 1191 15
970 1153 999 1210 p.
1023 1134 1084 1191 474
1100 1132 1133 1191 b:
1161 1126 1241 1189 ἀλλα
1262 1130 1392 1215 μᾶλλον,
1419 1132 1459 1203 ὡς

340 1228 564 1329 Ἐμπεδοκλῆς,
580 1227 679 1300 διτταί
690 1260 766 1311 τινες
783 1237 911 1301 ἕκαστον
922 1242 1008 1325 ημῶν
1019 1238 1179 1327 γενόμενον
1190 1236 1458 1327 παραλαμβάνουσι

339 1351 390 1413 καὶ
404 1348 608 1438 κατάρχονται
624 1359 724 1437 μοῖραι
738 1348 790 1411 καί
805 1337 955 1437 θαίμονες·

514 1457 572 1523 ἔνθ’
585 1453 661 1529 ἦσαν
677 1457 790 1529 Χθονίη
804 1481 840 1522 τε
854 1460 906 1522 καὶ
920 1456 1047 1529 linter.
1062 1469 1226 1540 ταναῶπις,

514 1570 604 1657 Δῆρίς
617 1567 643 1631 θ’
657 1569 844 1658 αἱματόεσσα
859 1571 911 1632 καὶ
925 1566 1065 1658 Ἁρμονίη
1081 1568 1258 1659 θεμερῶπις,

513 1679 679 1743 Καλλιστώ
692 1678 720 1742 τ’
734 1680 846 1768 Αἰσρρη
860 1702 911 1760 τι,
926 1680 1041 1743 Θόωσα
1055 1703 1089 1743 τε
1104 1681 1218 1752 Δηναίη
1233 1704 1282 1763 τε,

514 1790 673 1881 Νημερτής
687 1790 713 1853 τ’
728 1791 851 1879 ἐρόεσσα
866 1789 1078 1879 μελαίγιαρπός
1091 1790 1118 1854 τ’
1133 1789 1283 1879 Ἀσαίρεια

402 1910 487 1967 llaee
499 1909 586 1985 igitur
596 1908 711 1965 fuerunt
722 1908 845 1984 placita,
857 1925 931 1982 quae
942 1907 1060 1965 Platoni
1072 1908 1272 1984 suppeditaret
1283 1910 1457 1986 antiquitas3

340 2022 402 2097 ipse
421 2018 594 2096 posterioris
613 2019 650 2076 de
669 2019 858 2076 daemonibus
878 2018 1027 2076 doetrinae
1048 2019 1143 2076 omnis
1162 2019 1227 2077 sons
1247 2019 1341 2079 faetus
1362 2029 1408 2079 est
1428 2030 1457 2079 et

339 2131 567 2189 fundamentum.
598 2133 638 2188 At
651 2150 740 2207 quum
754 2149 772 2187 a
783 2129 889 2205 priscis
901 2129 968 2186 iude
981 2129 1173 2206 temporibus,
1189 2138 1221 2188 ut
1233 2130 1351 2190 Goethii
1363 2132 1457 2190 uestri

340 2242 436 2300 verbis
451 2250 530 2312 uber,
551 2241 587 2311 ii,
608 2242 657 2316 qui
671 2260 767 2298 rerum
782 2249 915 2298 naturam
931 2240 1076 2319 cognitam
1091 2242 1176 2320 vulgo
1190 2242 1402 2319 patefacerent,
1425 2244 1455 2301 in

340 2371 421 2410 ernee
435 2353 595 2430 figerentur
609 2360 638 2409 et
652 2353 682 2409 in
697 2353 831 2410 flammas
846 2352 1071 2424 eoniiecrentur,
1091 2354 1194 2424 Plato,
1216 2373 1253 2411 ne
1267 2356 1457 2433 Anaxagorae

339 2472 386 2522 aut
398 2462 530 2523 Socratis
540 2464 625 2521 modo
637 2463 797 2539 impietatis
808 2482 877 2522 reus
888 2465 1102 2535 succumberet,
1115 2472 1266 2540 praeterea
1277 2485 1314 2522 ne
1325 2473 1455 2524 sanctam

339 2574 443 2633 animis
463 2573 659 2632 hebetioribus
679 2574 848 2651 religionem
869 2577 1013 2644 turbaret,
1036 2574 1161 2633 intactos
1181 2575 1299 2651 reliquit
1316 2576 1389 2634 ritus
1404 2596 1456 2653 pu·

339 2687 430 2745 blieos
449 2693 480 2744 et
499 2703 680 2744 communem
701 2685 736 2743 de
756 2684 813 2743 diis
833 2684 1080 2761 daemonibusque
1101 2686 1281 2764 opinionem3
1302 2705 1377 2763 quae
1392 2687 1456 2765 ipae

340 2799 461 2867 sentiat,
483 2797 630 2874 signifieat
644 2797 775 2874 quidem,
797 2797 865 2867 sed,
886 2803 918 2854 ut
933 2797 1009 2855 solet
1028 2797 1059 2854 in
1078 2800 1164 2857 rebus
1179 2799 1276 2857 minus
1291 2799 1379 2857 certis
1394 2807 1456 2857 eta

322 2929 417 2980 ¹mera
431 2908 586 2966 dialectica
600 2908 704 2966 alicnis
712 2952 721 2984 ,
737 2908 873 2966 obvoluta
886 2908 1004 2966 fabulis.
1035 2908 1098 2967 Has
1116 2909 1230 2968 fabulas
1245 2909 1339 2988 magis
1354 2911 1456 2989 imagi-

339 3039 448 3097 nesque
468 3038 554 3095 quam
574 3020 730 3097 genuinam
752 3020 927 3079 sententiam
947 3039 1035 3097 quum
1054 3021 1147 3079 ultimi
1163 3022 1309 3081 Platonici
1327 3023 1456 3099 arripue-

339 3134 410 3203 rint,
426 3149 484 3189 non
500 3130 622 3201 suflicit,
637 3138 670 3188 ut
684 3131 816 3189 absterso
831 3131 916 3208 quasi
931 3131 1037 3188 cortice
1051 3131 1118 3207 ipsa
1131 3131 1296 3209 philosophi
1312 3134 1458 3211 principia

339 3243 538 3313 enucleemus,
555 3242 607 3299 sed
622 3242 709 3299 etiam
723 3242 872 3300 involucra
886 3243 939 3299 illa
953 3242 1130 3299 considerari
1145 3250 1267 3317 oportet.

401 3352 590 3413 Communem
603 3353 691 3431 igitur
701 3354 866 3429 opinionem
879 3350 1015 3411 Socrates
1027 3352 1280 3429 sequiturinapol.
1293 3356 1330 3412 15
1342 3375 1371 3431 p.
1381 3356 1455 3425 2812,

338 3466 386 3526 ubi
401 3484 435 3525 se
449 3464 566 3521 credere
581 3464 708 3521 affirmat
723 3483 788 3521 esse
802 3463 887 3533 deos,
908 3463 1077 3532 daemones,
1096 3463 1208 3521 heroes.
1246 3456 1325 3531 Τοὺς
1340 3448 1375 3521 dd
1390 3448 1456 3521 θαί·

339 3593 444 3658 μονας,
460 3575 618 3653 interrogat
632 3594 661 3650 p.
680 3575 718 3633 27
731 3575 766 3645 d,
783 3570 848 3656 οὐχὶ
862 3567 930 3639 ἤτοι
945 3564 1029 3641 θεοθς
1043 3589 1078 3656 γε
1093 3565 1250 3656 ἡγούμεθα
1264 3566 1283 3639 ἢ
1299 3566 1375 3631 θεῶν
1386 3581 1456 3633 παῖ-

339 3670 391 3755 θας
396 3708 405 3758 3
421 3688 469 3744 lta
482 3704 501 3742 a
514 3685 639 3743 Platone
653 3686 744 3742 multo
755 3691 823 3761 post
834 3685 864 3741 in
875 3683 950 3761 legg.
965 3684 983 3741 5
998 3704 1028 3759 p.
1042 3684 1101 3742 739
1114 3684 1132 3740 d
1149 3675 1211 3740 θεοὶ
1225 3675 1245 3749 ἢ
1262 3676 1337 3741 θεῶν
1351 3669 1456 3754 παῒθες
1472 3720 1475 3725 -

337 3797 568 3875 distinguuntur,
591 3795 646 3854 coli
667 3802 763 3853 antem
783 3815 863 3853 more
881 3796 1022 3852 maiorum
1038 3795 1124 3851 etiam
1139 3795 1294 3854 daemones
1309 3766 1453 3856 iubentur.

337 3908 383 3966 De
397 3927 461 3983 rep.
478 3909 497 3965 4
513 3926 541 3982 p.
558 3907 619 3965 427
630 3909 662 3965 b:
684 3904 768 3988 ἱερῶν
782 3922 819 3962 τε
835 3890 960 3988 ἱδρύσεις
979 3899 1031 3962 καὶ
1047 3897 1143 3962 θυσίαι
1157 3900 1209 3964 καὶ
1224 3899 1315 3964 ἄλλαι
1331 3900 1406 3965 θεῶν
1420 3926 1455 3966 τε

338 4014 387 4076 καὶ
401 4011 509 4099 ἡρώων
524 4011 575 4074 καὶ
591 4000 740 4099 δαιμόνων
752 4008 930 4099 θεραπεῖαι..
945 4011 996 4073 καὶ
1008 4011 1065 4074 ὅσα
1075 4022 1137 4085 τοῖς
1149 4012 1212 4075 ἐκεῖ
1221 4001 1269 4076 θεῖ
1277 4018 1456 4102 ὑπηρετοῦν-

336 4147 389 4198 τας
402 4124 492 4196 ἱλεως
506 4122 615 4194 αὐτοὺς
630 4127 721 4207 ἔχειν,
737 4129 838 4186 harum
850 4148 946 4185 rerum
957 4135 1114 4205 praecepta
1127 4148 1185 4187 non
1201 4130 1237 4187 ad
1252 4131 1455 4207 philosophum

336 4241 498 4315 pertinere,
514 4239 565 4297 sed
577 4239 614 4296 ad
625 4239 792 4315 Apollinem
803 4239 994 4315 Delphicum,
1006 4240 1026 4297 i.
1039 4259 1064 4296 e.
1077 4240 1282 4317 relinquendos
1294 4257 1359 4297 esse
1371 4240 1456 4317 vulgo

337 4368 405 4410 suos
420 4350 509 4421 ritus,
526 4350 643 4408 etiamsi
656 4349 693 4407 ab
708 4350 830 4408 veritate
844 4352 1029 4410 abhorreant.
1060 4351 1154 4408 Plane
1167 4349 1210 4407 ita
1223 4350 1299 4427 legg.
1316 4350 1334 4407 5
1351 4369 1379 4425 p.
1394 4351 1454 4411 738

338 4468 366 4517 et
379 4461 506 4538 epinom.
523 4461 584 4519 985
599 4479 617 4517 e
635 4460 818 4538 legumlatori
838 4461 997 4537 quidquam
1017 4463 1119 4518 harum
1134 4481 1229 4519 rernm
1244 4460 1455 4519 immutandum

338 4589 402 4631 esse
424 4578 526 4652 negat,
553 4572 605 4630 sed
628 4570 809 4631 oraculorum
829 4572 977 4647 sequenda
998 4589 1063 4631 esse
1085 4588 1241 4649 responsa3
1268 4572 1285 4629 7
1306 4590 1336 4651 p.
1353 4572 1413 4632 799
1426 4591 1453 4633 a.
