3592 5400
342 493 405 558 234
749 516 993 560 ennrrnuuuruu
1014 518 1042 560 ν.

420 670 467 728 15.
490 663 621 751 ούνομοι1
638 652 715 752 μηδὲ
730 664 812 754 λόγῳ
827 665 1030 754 χωρούμενον,
1047 666 1078 729 ἐν
1091 667 1159 754 περὶ
1174 667 1295 750 ναίωνθ,

489 771 599 840 τοῦτο3
614 771 692 852 θεός·
708 775 797 867 μικρὴ
813 765 847 841 δὲ
862 773 931 842 θεοῦ
947 776 1027 868 μερὶς
1041 775 1167 869 ἄγγελοι
1181 781 1276 869 ἡμεῖς.

887 929 915 987 Β.

406 1038 456 1103 Τὰ
471 1029 522 1103 δὲ4
537 1038 691 1104 ἀκόλουθα
706 1041 756 1104 καὶ
772 1041 802 1104 ἑν
818 1040 910 1130 ἑτέρῳ
924 1051 1048 1131 χρησμῷ
1064 1030 1234 1125 διεξῆλθεν,
1251 1044 1344 1107 εἰπὼν
1360 1045 1459 1120 οὕτως’

398 1158 445 1214 17.
470 1147 555 1214 Ἔσθ
571 1149 641 1240 ὑπὲρ
657 1151 809 1239 οὐρανίου5
823 1151 912 1241 πυρός
928 1149 1055 1239 ἀφθίτου
1071 1149 1214 1242 αἰθομένη
1229 1145 1316 1242 φλόξ,

469 1252 632 1351 ζωομόνος,
648 1259 769 1324 πάντων
783 1262 881 1352 croyl,
897 1260 1018 1325 πάντων
1035 1251 1069 1326 δὲ
1084 1265 1135 1325 καὶ
1151 1262 1227 1351 ἀρχή
1234 1263 1255 1344 ⁶,

468 1370 523 1442 ἥτε
539 1370 604 1460 φύει
620 1370 704 1463 μάλα
718 1371 832 1453 πάντα,
849 1372 964 1462 φύουσα
980 1361 1014 1435 δὲ
1028 1368 1115 1436 πάντ’
1130 1372 1296 1437 ἀναλύσειῗ.

883 1525 911 1581 3.

407 1632 630 1723 Ἑρωτόσαντός
644 1635 737 1699 ποτεΒ
752 1645 806 1698 τοῦ
822 1635 921 1724 ἱερέως
935 1635 987 1699 τόν
1000 1633 1177 1699 Ἀπόλλωνα
1188 1637 1253 1725 περὶ
1264 1646 1320 1711 τῆς
1331 1638 1460 1727 μελλού-

342 1768 395 1821 σης
409 1755 528 1835 κρατεῖν
544 1743 712 1835 θρησκείας,
728 1736 976 1837 παράθοξονεῖπε
990 1746 1122 1835 χρησμόν
1136 1755 1288 1810 τοιοῦτον·

342 1904 433 1973 όλβιος.
457 1903 487 1966 εἰς
510 1903 595 1975 μικρὸν
614 1905 640 1958 δὲ
658 1907 730 1976 μέρος
747 1904 861 1977 ἀγγέλων
879 1906 954 1976 ὑμεῖς.
983 1907 1064 1976 (Fert.
1076 1923 1125 1959 scr.
1143 1905 1295 1975 τρισόλβιος,
1313 1901 1355 1966 εἷς.
1375 1908 1459 1976 μικρόν

342 1989 368 2041 δὲ
384 1990 456 2060 μέρος
474 1987 576 2060 ἄγγελοι
592 1990 668 2060 ἡμεῖς.
696 1991 769 2055 Quod
787 1992 886 2045 adiicit:
907 1990 992 2060 μαθὼν
1011 1988 1077 2043 ἄπιθι
1094 1993 1185 2061 σιγῶν,
1202 1991 1301 2044 factum
1319 1997 1362 2044 est
1378 1993 1412 2045 ad
1428 1993 1460 2044 si-

341 2076 514 2128 militudinem
533 2078 710 2141 oraculorum,
728 2093 795 2146 quae
811 2077 876 2132 Lob.
895 2077 954 2146 Agl.
972 2076 1022 2129 459
1040 2077 1190 2146 descripsit,
1207 2077 1279 2130 velut
1296 2078 1369 2142 eius,
1392 2077 1460 2149 quod

341 2162 461 2231 Augusto
480 2162 568 2213 datum
586 2161 680 2215 fertur:
700 2157 766 2214 ἀπιθι
784 2161 870 2212 λοιπον
889 2159 916 2212 ἐκ
934 2162 1019 2230 δόμων
1036 2160 1182 2230 ἡμετέρων.)

411 2248 419 2280 ¹
440 2241 519 2316 ὄνομα
537 2246 658 2299 Sedulius
677 2247 720 2316 (cf.
740 2263 819 2316 supra
835 2263 860 2316 p.
877 2246 946 2315 106).
964 2277 997 2286 —
1016 2245 1049 2314 μὴ
1067 2244 1094 2297 δὲ
1111 2245 1142 2300 Β.

411 2331 421 2364 2
440 2330 597 2400 χωρούμενος
615 2330 677 2400 LB,
695 2331 854 2384 Lactantius.
884 2330 994 2399 (Eodem
1008 2331 1137 2384 Lactantii
1157 2331 1213 2385 cod.
1232 2331 1458 2402 Regiomontanus

341 2415 470 2485 perducit,
495 2417 540 2485 qui
563 2434 729 2486 χρωροιμενος
748 2416 874 2485 praebet.)
897 2415 1018 2469 Sedulius
1045 2421 1072 2468 et
1093 2415 1221 2469 Steuchus
1244 2418 1320 2470 etin
1348 2419 1458 2471 oraculis

341 2501 462 2565 deorum,
481 2518 547 2571 quae
560 2501 718 2554 carminibus
730 2502 865 2571 Sibyllinis
878 2503 1017 2566 annexuit,
1036 2518 1061 2571 p.
1073 2502 1104 2554 14
1123 2501 1245 2554 Gallaeus
1257 2507 1328 2554 recte
1339 2509 1460 2556 neutrum

341 2593 501 2656 receperunt.
537 2587 607 2640 Deus
626 2593 667 2639 est
683 2605 797 2652 nomen,
811 2587 880 2657 quod
897 2602 931 2639 ne
949 2588 1064 2640 sermoni
1082 2587 1187 2656 quidem
1204 2587 1293 2651 cedat,
1311 2589 1399 2641 verbis
1416 2604 1459 2640 ex·

341 2673 419 2743 primi
440 2679 561 2743 nequeat.
584 2704 617 2713 -
638 2669 746 2744 ἔμπυρος
764 2671 824 2724 αἰών
842 2671 976 2726 Sedulius:
1001 2672 1047 2725 sed
1064 2688 1145 2742 quum
1163 2670 1272 2742 Orphei,
1290 2672 1458 2744 Sibyllarum,

340 2758 467 2828 Apollinis
484 2759 538 2812 iere
556 2775 600 2811 eos
618 2760 696 2812 ruodo
714 2776 804 2812 versus
822 2758 1001 2828 descripserit,
1019 2775 1085 2828 quos
1097 2758 1248 2811 Lactantius
1265 2757 1355 2825 affert,
1372 2761 1458 2830 itaque

340 2860 374 2896 ex
397 2842 446 2896 hoc
469 2848 574 2896 auctore
597 2843 715 2898 hausisse
738 2845 868 2907 videatur,
892 2843 1014 2896 Sedulius
1035 2861 1089 2896 non
1111 2843 1211 2895 maiore
1233 2846 1391 2899 auctoritate
1413 2850 1458 2909 est,

341 2943 420 2997 quam
437 2929 560 2998 antiquus
577 2928 706 2981 Lactantii
723 2930 813 2983 codex.
855 2928 911 2981 lam
934 2945 1014 2997 quum
1035 2929 1130 2997 reliqui
1150 2928 1237 2981 fontes
1260 2926 1285 2980 ἐν
1307 2931 1366 3000 πυρὶ
1387 2930 1458 2981 ναίων

340 3012 483 3080 praebeant
505 3029 595 3065 omnes
618 3014 682 3082 (nisi
705 3014 775 3083 quod
798 3015 865 3066 mira
882 3014 977 3067 codicis
994 3013 1123 3066 Lactantii
1138 3013 1259 3083 Regiom.
1280 3016 1458 3086 interpretatio

340 3102 392 3149 est:
411 3113 457 3166 per
473 3097 563 3166 ignem
581 3098 724 3167 emittens),
743 3099 823 3151 altera
841 3100 918 3151 lectio
937 3098 1036 3152 Sedulii
1052 3099 1154 3151 ridetur
1171 3100 1323 3153 coniectura
1339 3118 1405 3154 esse.

408 3181 420 3217 ⁸
438 3182 505 3234 rocci
516 3183 588 3237 Lact.
602 3185 681 3253 vulg,
694 3183 740 3235 sed
751 3184 806 3236 cod.
819 3183 939 3252 Regiom.
950 3189 975 3235 et
986 3182 1142 3236 Fritzschius
1160 3184 1187 3236 in
1200 3183 1240 3236 ed.
1252 3184 1392 3250 Lactantii,
1408 3186 1456 3239 ior-

339 3273 411 3321 tasse
428 3285 462 3321 ex
481 3268 536 3321 cod.
546 3268 659 3333 Vratisl,
676 3274 746 3321 recte
764 3272 837 3320 τοῦτο
854 3274 885 3320 ut
895 3270 989 3337 reliqui
1000 3269 1093 3321 fontes.
1112 3299 1146 3307 —
1164 3265 1238 3337 μικρὰ
1249 3269 1322 3323 Lact.
1334 3276 1362 3323 et
1372 3270 1456 3324 Sednl

339 3354 380 3407 Ex
397 3354 469 3409 Lect.
493 3371 540 3424 pro
563 3354 628 3423 μερὶς
652 3354 721 3422 θεοῦ,
744 3354 815 3423 qnod
831 3353 916 3406 LBSt.
933 3354 1022 3407 Sedul.
1044 3354 1182 3423 praebent,
1199 3356 1286 3423 recepi
1309 3355 1366 3408 θεοῦ
1384 3354 1453 3426 μερίς.

339 3439 456 3509 Respicit
466 3439 617 3492 Lactantius
631 3440 765 3492 oraculum
778 3440 856 3492 etiam
873 3439 934 3492 inst.
951 3439 972 3501 l,
985 3438 1008 3502 7,
1021 3438 1047 3490 8:
1069 3437 1196 3504 ,Credant
1206 3439 1323 3508 Apollini
1340 3457 1397 3505 suo,
1415 3438 1455 3508 qui

340 3524 431 3578 eodem
448 3525 492 3577 illo
510 3542 647 3595 responso,
671 3530 700 3577 ut
721 3523 778 3577 Iovi
799 3523 986 3593 principatum,
1009 3524 1046 3575 sic
1069 3524 1149 3576 etiam
1170 3524 1263 3575 ceteris
1286 3524 1336 3576 diis
1354 3524 1455 3578 abstulit

339 3627 443 3663 nomen.
469 3610 573 3663 Tertius
591 3611 661 3662 enim
677 3626 701 3663 ν.
720 3608 845 3673 ostendit,
863 3608 911 3659 Dei
927 3608 1061 3661 ministros
1078 3625 1131 3661 non
1149 3608 1225 3673 deos,
1242 3624 1336 3662 verum
1352 3609 1452 3679 angelos

340 3696 464 3765 appellari
481 3699 624 3765 oportere“.
1059 3694 1071 3727 ⁴
1089 3690 1155 3744 Τάδε
1171 3693 1202 3748 Β.

409 3780 419 3812 ⁵
438 3778 612 3850 ύπερουρανίοο
624 3780 653 3834 L.
672 3780 764 3833 Solent
774 3780 802 3831 in
812 3778 900 3843 codd,
912 3778 954 3831 vel
965 3793 1032 3830 saec.
1048 3778 1086 3843 10,
1098 3778 1305 3849 praepositiones
1317 3781 1388 3834 uniri
1398 3794 1451 3833 cum

340 3865 499 3919 nominibus.

408 3948 534 4000 sEadem
552 3948 689 4001 coniunxit
711 3949 788 4019 Orph.
806 3950 896 4018 hymn.
918 3948 951 4000 36
974 3946 1017 4016 (37
1029 3947 1138 4017 Herm),
1160 3948 1188 3999 4:
1216 3944 1292 4019 ἀρχαὶ
1316 3950 1358 4001 καὶ
1382 3946 1451 4018 παγαὶ

340 4030 438 4085 πάντων
457 4032 558 4098 θνητῶν.
577 4033 704 4101 Didymus
722 4035 829 4106 devtrin.
848 4034 873 4097 3,
892 4034 908 4085 2
924 4050 950 4103 p.
963 4031 1025 4085 3222
1044 4032 1114 4085 Deus
1132 4030 1197 4101 ἀρχὴ
1215 4034 1286 4103 πηγή
1302 4051 1330 4086 τε
1347 4037 1416 4101 ζωῆς.

408 4117 418 4152 ⁷
437 4117 481 4171 sic
500 4116 546 4182 St,
565 4116 688 4169 ἀναλίσκει
704 4120 725 4172 Ι.
743 4120 783 4188 (at
799 4119 911 4171 alterum
929 4117 1095 4186 elongem),
1113 4114 1254 4183 παντανάση
1273 4118 1304 4173 Β.

409 4205 420 4240 ⁸
438 4200 605 4275 &percalcantes
623 4202 677 4271 arpi
693 4207 737 4254 τοῦ
754 4203 785 4257 Β.
804 4234 837 4243 —
853 4203 927 4258 Pan:
950 4195 1030 4262 Οὗτος
1048 4201 1074 4254 τὲ
1092 4199 1181 4271 όπαρ’
1198 4200 1255 4272 ὑμῖν
1275 4203 1452 4274 θαυμαζόμενος

340 4285 459 4341 ἀπόλλων
481 4286 495 4339 ό
518 4284 632 4357 μαντικός
655 4291 766 4338 τοιοῦτον
789 4288 820 4352 δή
841 4305 864 4338 τι
882 4288 949 4356 παρὰ
966 4292 1070 4358 χριστοῦ
1088 4284 1245 4355 ἐξεφώνησεν.
1263 4284 1394 4357 ἒρωτηθεῖς
1410 4286 1451 4356 γὰρ

339 4374 393 4442 περὶ
410 4376 459 4424 τῶν
478 4372 559 4448 abysis
571 4370 723 4442 προπύλλων
742 4368 886 4440 ἀπεκρίνατο
904 4364 960 4423 ὧδε.
995 4372 1058 4435 Ubi,
1076 4378 1106 4424 ut
1120 4372 1219 4424 leviore
1235 4372 1334 4424 menda
1349 4377 1453 4432 mittam,

341 4457 395 4526 aspi
413 4464 439 4509 et
456 4456 524 4528 παρά
540 4459 627 4511 locum
645 4461 879 4509 commutaverunt.
915 4456 970 4511 Scr.
989 4456 1045 4527 περὶ
1061 4458 1164 4526 χριστοῦ
1182 4461 1209 4507 et
1225 4455 1294 4527 παρὰ
1310 4459 1362 4509 τῶν
1383 4456 1452 4508 αὐτοῦ

342 4541 485 4618 προπόλων.
504 4542 633 4597 Steuchus
650 4540 724 4595 liuh
740 4556 797 4612 cap.
812 4542 842 4596 19
860 4546 886 4595 et
905 4542 949 4612 qui
967 4558 1001 4596 ex
1018 4557 1049 4595 eo
1066 4540 1155 4595 hausit
1166 4538 1293 4595 Schedius
1310 4560 1337 4614 p.
1350 4542 1400 4597 328
1415 4540 1451 4595 ed.
