3592 5400
373 457 414 520 40
763 476 859 518 cnrur
873 477 917 516 ru.
941 476 983 516 ns
997 476 1095 516 araxis
1143 498 1147 507 .

373 632 413 701 ὡς
433 623 468 689 ἂν
488 630 523 689 ἐκ
544 624 634 714 μόνου
655 625 777 708 βεβαίου
796 623 851 698 τοὶς
871 613 995 698 ἐλπίθας
1014 633 1070 686 τοῦ
1090 622 1223 695 σωθῆναι
1243 624 1447 713 ἀρυτόμενος.
1463 629 1495 688 .“

373 735 527 829 Τοιούτοις
541 733 724 824 ’χρησάμενος
738 735 900 823 προοιμίοις
921 733 1102 823 μαρτύρεται
1122 784 1148 796 ..
1169 735 1210 823 μη
1232 740 1271 809 εἰς
1291 737 1423 810 πολλοὺς
1445 741 1495 809 ἐν,-

373 859 463 936 φῆναι
477 847 518 910 τά
532 844 748 935 λεχθησόμενα
785 851 871 911 Unde
885 859 1022 928 apparet,
1042 852 1072 909 in
1087 853 1152 927 ipso
1166 853 1314 928 prooemio
1330 853 1443 929 aliquid
1458 854 1495 911 de

373 964 552 1024 oraculorum
568 962 664 1021 causis
680 963 889 1020 antecessisse:
907 962 970 1020 dari
985 982 1004 1020 a
1019 962 1075 1021 diis
1092 963 1196 1020 salutis
1212 981 1314 1034 causa,
1338 969 1370 1020 ut
1385 964 1494 1022 mentis

372 1078 516 1134 humanae
531 1073 665 1131 caecitati
681 1081 709 1130 et
724 1073 841 1149 inopiae
856 1072 1017 1131 consulant.
1041 1075 1084 1130 Ac
1095 1092 1133 1130 ue
1143 1074 1198 1130 hoc
1212 1074 1328 1148 quidem
1344 1075 1495 1132 exordium

371 1187 441 1257 fuit,
458 1185 509 1243 sed
525 1206 543 1243 a
558 1203 590 1242 se
606 1203 716 1259 suaque
732 1184 913 1261 experientia
926 1184 960 1242 P.
977 1183 1095 1240 initium
1110 1185 1201 1260 cepit,
1216 1185 1254 1243 ab
1269 1185 1401 1255 oraculo,
1417 1186 1495 1260 quod

372 1297 436 1373 ipse
451 1303 554 1354 nactus
570 1304 642 1354 erat.
671 1295 747 1354 Nam
763 1295 936 1370 Eunapius,¹
955 1313 1040 1369 quem
1061 1295 1091 1351 in
1111 1294 1198 1352 huius
1213 1295 1317 1370 capitis
1332 1295 1430 1353 fronte
1446 1316 1494 1354 ex-

373 1406 493 1482 scripsi,
514 1406 708 1482 Porphyn'um
728 1405 770 1462 ait
789 1405 862 1462 illud
882 1405 1039 1464 memoriae
1060 1405 1217 1463 tradidisse
1237 1406 1397 1481 eodemque
1419 1407 1494 1464 libro

373 1511 452 1600 μετὰ
471 1519 573 1573 ταῦτα
592 1517 772 1573 oraculorum
790 1517 964 1593 gravitatem
983 1523 1135 1574 tractasse.
1164 1517 1323 1574 Praeterea
1343 1517 1380 1600 in!
1392 1537 1494 1593 prooe-

373 1628 430 1685 mio
456 1646 488 1685 se
511 1626 628 1683 oracula
649 1626 726 1683 haud
748 1626 918 1684 immutasse
940 1627 1031 1695 iurat,
1058 1626 1115 1685 nisi
1141 1626 1219 1702 quod
1244 1629 1332 1685 verba
1357 1636 1496 1704 corrupta

373 1737 584 1807 emendaverit,
606 1737 783 1813 suppleverit
803 1737 828 1794 si
849 1737 919 1812 quid
941 1737 1084 1795 excidisse
1105 1737 1235 1796 numeris
1256 1737 1395 1813 liqueret,
1416 1758 1495 1797 rese·

374 1849 466 1904 cuerit
480 1848 619 1922 denique,
641 1867 715 1923 quae
730 1849 767 1905 ad
783 1866 844 1904 rem
860 1867 917 1905 non
933 1847 1124 1922 pertinerent.
1152 1848 1281 1906 Tum-ad
1297 1849 1363 1931 ipsa
1377 1851 1494 1907 oracula

373 1958 522 2016 transiens
543 1959 682 2034 pietatem
705 1979 774 2036 erga
795 1960 880 2028 deos,
904 1958 1009 2015 deinde
1030 1958 1148 2015 deorum
1171 1959 1280 2016 cultum
1289 1967 1330 2017 ὀί
1350 1961 1496 2019 sacrificia

373 2076 488 2129 tractat.
533 2069 611 2128 Nam
642 2061 841 2140 Ἀκολούθως,
867 2070 977 2144 inquit,
1004 2063 1084 2151 μετά
1108 2063 1149 2126 τοὶ
1174 2067 1188 2153 ρ
1212 2061 1301 2127 θέντα
1322 2066 1389 2152 περὶ
1412 2069 1496 2128 soce

374 2175 466 2258 βείας,
489 2178 509 2237 ἃ
522 2176 589 2263 περὶ
602 2185 658 2249 τῆς
673 2172 829 2262 θεραπείας
850 2177 950 2236 αὐτῶν
964 2179 1093 2261 ἔχρησαν
1108 2172 1330 2264 ἀναγράφοιμεν
1346 2173 1390 2238 άν.
1423 2181 1495 2255 Qui·

373 2292 427 2350 bus
449 2291 544 2348 verbis
564 2292 672 2349 Euseb.
691 2311 734 2366 pr.
749 2310 792 2347 ev.
805 2284 888 2348 1v.8
906 2297 978 2348 extr.
1000 2291 1072 2347 haee
1090 2291 1254 2367 praefatur:
1274 2282 1367 2349 ἄκουε
1387 2334 1413 2349 ..
1433 2297 1495 2349 τῶν

373 2394 500 2483 πρώτων
521 2399 615 2458 αὑτοῦ
636 2404 754 2482 φωνῶν,
776 2384 811 2457 δι’
826 2388 867 2456 ὧν
886 2395 929 2457 τά
947 2419 977 2457 π.
988 2419 1015 2458 τ.
1031 2399 1066 2458 ἐκ
1085 2396 1195 2486 λογίων
1216 2397 1391 2483 φιλοσοφίας
1406 2396 1495 2460 συνά-

374 2529 437 2596 γων
451 2554 477 2568 ..
494 2495 630 2569 θιθάσαει
645 2555 670 2568 ..
697 2511 854 2588 Porphyrii
869 2513 958 2570 verba
977 2512 1070 2570 allata
1091 2531 1196 2588 niagno
1211 2513 1247 2571 de
1262 2513 1415 2572 sacrificiis
1431 2535 1496 2572 ora·

374 2623 438 2680 culo
459 2623 656 2699 excipiuntur,
677 2623 752 2698 quod
775 2623 891 2680 deorum
913 2623 1001 2680 simul
1016 2622 1250 2681 distributionem
1264 2623 1404 2682 mutinae.
1435 2627 1496 2682 An·

374 2736 475 2792 nexuit
494 2735 583 2812 igitur
603 2735 794 2811 philosophus
817 2743 904 2810 caput
923 2752 952 2792 π.
973 2729 1125 2803 πολιτείας
1141 2726 1230 2806 θεῶν,
1251 2753 1308 2809 quo
1328 2736 1497 2812 retrospicit

373 2866 472 2922 praep.
485 2865 528 2904 ev.
541 2846 577 2904 V.
593 2846 620 2915 6,
637 2846 686 2902 ubi
694 2846 826 2903 Faunum
837 2845 946 2903 Bacchi
961 2845 1126 2903 ministrum
1141 2864 1207 2904 esse
1219 2846 1312 2904 docet.
1332 2844 1495 2905 Consenta-

374 2974 461 3013 neum
476 2962 552 3025 erat,
573 2962 605 3011 ut
625 2956 711 3012 trium
727 2974 904 3013 summorum
919 2956 1069 3013 numinum
1084 2963 1259 3032 potestatem
1281 2957 1496 3035 imperiumque

374 3065 436 3122 illic
457 3065 647 3136 describeret3
670 3074 758 3141 atque
780 3066 968 3123 confirmatur
989 3068 1044 3125 hoc
1065 3067 1241 3125 testimoniis
1264 3075 1294 3124 et
1313 3068 1408 3144 ipsius
1423 3070 1496 3128 Por-

373 3176 471 3252 phyrii
492 3195 591 3252 praep.
612 3195 655 3233 ev.
672 3176 722 3235 IV.
744 3178 798 3235 23:
822 3169 899 3246 Τοὺς
923 3161 956 3233 θὲ
977 3173 1121 3259 πονηροὺς
1144 3161 1286 3260 δαίμονας
1308 3220 1337 3234 ..
1360 3173 1419 3235 ὑπὸ
1436 3173 1496 3236 »τὸν

374 3278 509 3368 Σάραπιν
529 3279 737 3370 ὑποπτεύομεν
752 3330 792 3361 ..,
813 3282 859 3345 ὅτι
874 3282 916 3346 τά
931 3282 1116 3372 μειλίγματα
1130 3283 1182 3344 καὶ
1199 3282 1241 3345 τὰ
1260 3281 1377 3345 τούτων
1393 3282 1496 3367 (malo-

373 3417 436 3455 rum
452 3390 635 3476 daemonum)
651 3392 842 3481 ἀποτρόπαια
856 3393 929 3480 πρὸς
943 3393 996 3456 τὸν
1010 3390 1181 3455 Πλούτωνα
1196 3394 1324 3483 γίνεται,
1344 3398 1384 3469 ὡς
1404 3398 1495 3477 ἐντῷ

373 3501 483 3589 πρώτῳ
505 3491 684 3591 έθείκνυμεν.
713 3500 752 3566 Ὀ
773 3504 864 3577 auctr
885 3492 918 3566 θὲ
938 3512 983 3585 τῷ
1003 3501 1164 3566 Πλούτωνι
1184 3507 1200 3565 ὁ
1222 3500 1301 3582 θεός,
1325 3517 1354 3567 et
1374 3510 1495 3569 Fir-mici

374 3619 500 3677 Materni
516 3638 579 3695 cap.
594 3622 647 3677 14:
667 3619 717 3693 „in
731 3619 834 3695 primis
850 3619 929 3676 enim
943 3619 1083 3677 librorum
1097 3620 1244 3696 partibuS,
1266 3620 1296 3677 id
1311 3622 1404 3677 estin
1420 3622 1495 3697 ipsis

374 3729 513 3805 auspiciis
533 3730 646 3805 positus
667 3723 738 3807 (scr.
755 3723 949 3808 imposturae)
971 3729 1058 3786 dixit:
1087 3728 1208 3807 Serapis
1228 3736 1347 3788 vocatus
1368 3739 1398 3789 et
1411 3732 1496 3789 intra

375 3858 479 3916 corpus
491 3840 617 3896 hominis
630 3840 787 3897 collocatus
799 3841 871 3897 talia
882 3836 1061 3916 respondit.“
1085 3840 1185 3897 Etiam
1198 3841 1234 3898 de
1246 3841 1344 3911 Rhea,
1360 3841 1494 3912 Pallade,

373 3948 488 4018 Diana,
508 3949 617 4006 Iunone
622 3991 631 4019 ,
654 3948 773 4028 Cerere,
789 3950 831 4008 Isi
845 3950 1026 4027 Porphyrius
1042 3951 1083 4010 ibi
1098 3952 1246 4027 exposuit3
1270 3971 1337 4009 nam
1353 3952 1426 4018 haec
1441 3972 1494 4009 nu-

374 4058 454 4116 min'a
466 4078 522 4115 uno
535 4060 650 4116 oraculo
663 4062 958 4136 comprehenduntur,
975 4061 1020 4117 cui
1032 4060 1223 4137 philosophus
1235 4061 1270 4119 V.
1286 4063 1313 4120 7.
1330 4062 1493 4138 praefatur:

375 4164 426 4225 καὶ
448 4163 505 4251 μὴν
527 4163 589 4227 ὅτι
609 4161 727 4247 ἑκάστῳ
750 4166 946 4229 ἐπιτέτακται
969 4167 1055 4228 αὐτοὶ
1078 4155 1279 4235 θεθηλώκασι
1317 4172 1383 4229 Ηοο
1405 4173 1495 4250 igitur

374 4271 548 4362 προστίθησι
569 4284 631 4348 τοῖς
655 4274 826 4363 εἰρημένοις,
849 4282 890 4337 ait
912 4282 1074 4339 Eusebius:
1101 4282 1153 4339 illa
1174 4289 1271 4339 autem
1295 4276 1434 4363 εἰρημένα
1456 4283 1493 4340 ad

374 4390 505 4447 Hecaten
532 4391 695 4449 animarum
720 4390 850 4469 reginam
876 4390 1033 4468 pertinent.
1063 4391 1162 4467 Quare
1187 4393 1242 4450 huc
1268 4393 1305 4449 ob
1330 4393 1492 4473 argumenti
