3592 5400
706 535 911 579 omcawnuu
929 535 1092 578 arrasam

566 688 615 756 οίη
630 707 681 774 μοι
695 685 852 773 χρνπρωνῑ
867 684 1061 749 ὑπολείπεται
1074 681 1230 772 ιἰριγίνεια

885 861 914 918 5.

404 980 506 1048 Ὅτε2
526 982 562 1045 τὸ
578 972 741 1057 Βυζάντιον
756 985 863 1065 ᾤκισεν
878 984 894 1044 ὀ
910 972 1036 1059 Βύζαςί,
1057 973 1265 1058 ζηλοτυπήσας
1280 986 1297 1045 ὁ
1311 974 1405 1070 Αίμος
1421 1021 1458 1032 -

343 1094 527 1184 Αίμιμοντου
549 1081 583 1155 δὲ
597 1101 652 1157 τοῦ
667 1080 779 1180 δρυμοῦ
795 1084 849 1161 ἦν*
868 1089 984 1179 ἄρχων,
1005 1085 1039 1154 οὗ
1055 1093 1106 1154 καὶ
1121 1091 1203 1179 ὄρος5
1224 1091 1378 1181 ἐπώνυμόν
1398 1093 1461 1155 ἐστι

347 1246 382 1257 -
407 1206 460 1268 καὶ
480 1204 616 1292 νομίσας,
642 1206 667 1264 εἰ
682 1200 908 1287 προκαταλάβοι
931 1199 1101 1288 ἀνθρώπους
1126 1207 1171 1265 ἔτι
1193 1200 1460 1283 νεοκαταστοίτους,

341 1314 488 1387 νικιίσειν6
499 1314 568 1387 τοὺς
579 1303 774 1390 Βυζαντίους,
786 1311 897 1400 πέμπει
908 1320 971 1375 τῶν
982 1313 1099 1376 οἰκείων
1109 1312 1193 1375 ‘roei²
1208 1312 1278 1400 πρὸς
1288 1311 1341 1375 τὸν
1353 1310 1462 1376 Ἀπόλ-

339 1430 439 1506 λωνα,
462 1422 601 1513 ἐρωτῶν8
621 1427 646 1485 εἰ
668 1421 911 1511 περιγενήσεται9
935 1431 990 1485 τοῦ
998 1423 1022 1460 ¹⁰
1045 1413 1202 1499 Βύζαντος.
1229 1428 1349 1511 ἔχρησεν
1371 1415 1422 1486 οὖν
1445 1425 1461 1485 ὁ

338 1535 499 1601 Ἀπόλλων
514 1533 621 1607 οὕτως·

492 1649 577 1733 ἔγρεο
593 1643 644 1705 καὶ
658 1643 831 1730 παλίνορσος
846 1643 963 1732 ἐπείγεο
971 1643 994 1683 ¹¹
1009 1644 1060 1706 καὶ
1074 1643 1146 1732 λέγε
1160 1653 1271 1707 ταῦτα·

548 1843 605 1904 Ζεὺς
623 1838 666 1913 ἦν,
684 1844 742 1904 Ζευς
759 1841 822 1913 ἔστι,
841 1844 898 1904 Ζεὺς
917 1840 1019 1895 ἔσσεται.
1039 1838 1060 1895 ὦ
1079 1843 1171 1914 μεγάλε
1189 1845 1242 1898 Ζεῦ.

547 1930 580 2000 γᾶ
598 1929 705 1998 καρποὺς
724 1927 794 1996 ἀνίει,
813 1929 851 1980 διὸ
870 1929 970 1998 κλῄζετε
989 1929 1083 2000 ματέρα
1100 1933 1181 1998 γαῖαν.

337 2017 485 2074 oraculum
504 2021 626 2084 quartum
638 2012 767 2067 steuchus
786 2021 812 2067 et
829 2013 874 2083 qui
892 2028 952 2069 eum
970 2015 1053 2066 secuti
1064 2019 1126 2067 sunt
1137 2015 1201 2068 locis
1213 2031 1293 2085 supra
1304 2031 1463 2069 commemo·

335 2106 403 2159 ratis
420 2102 555 2173 praebent

410 2189 420 2222 ¹
440 2186 565 2256 τριπόδων
583 2184 611 2238 P.
630 2184 699 2237 Nihil
716 2183 781 2237 mihi
798 2188 880 2237 restat
896 2185 948 2238 nisi
971 2186 1135 2238 oraculorum
1156 2201 1250 2239 aurora
1268 2204 1289 2241 s.
1307 2187 1362 2238 lux.
1396 2183 1462 2246 Ἠώς

336 2292 388 2346 pro
411 2273 470 2326 luce
495 2287 526 2323 ae
549 2270 589 2323 die
618 2271 724 2322 omnino
745 2270 821 2323 Hom.
845 2269 874 2322 11
892 2269 947 2322 VII.
971 2270 1012 2322 45.
1035 2269 1094 2325 458.
1122 2270 1153 2335 Q.
1176 2270 1281 2340 Smym.
1303 2271 1331 2324 X
1348 2269 1407 2323 431.
1429 2301 1463 2310 —

338 2357 421 2429 Orph.
434 2358 497 2424 Arg.
510 2355 559 2407 647
577 2354 637 2421 (651
651 2355 762 2423 Herm.):
782 2351 858 2423 αὐτάρ
872 2352 894 2405 oi
907 2352 1013 2424 μεσίτην
1031 2351 1069 2420 ἠῶ
1088 2355 1160 2426 φέρον
1173 2354 1247 2416 ὠκέες
1266 2357 1339 2407 ἵπποι
1355 2352 1462 2409 Ἠελίου.

338 2440 455 2512 Ham·
474 2437 548 2507 Βώςι
566 2437 658 2509 ἡμέραν
676 2439 737 2507 φῶς·

411 2526 424 2561 ²
441 2525 584 2578 Oraeulum
595 2524 675 2577 edidit
687 2524 726 2580 st.
739 2524 764 2588 3,
779 2523 822 2576 17ι
841 2525 902 2578 inde
914 2526 991 2578 vertit
1002 2526 1143 2579 Momaeus
1155 2542 1212 2597 cap.
1225 2525 1242 2579 3
1253 2544 1280 2596 p.
1289 2526 1323 2580 33
1335 2527 1374 2579 ed.
1390 2527 1462 2580 1590.

340 2610 380 2666 ὅτι
398 2610 428 2662 το
446 2607 572 2671 ζυζσίντιον
590 2607 685 2678 ᾤκησεν
703 2609 759 2661 cod.
777 2608 808 2661 Β.
913 2618 915 2621 ’

412 2695 480 2749 ⁸De
497 2694 615 2764 Byzante
632 2692 721 2759 heroe,
745 2693 866 2762 Byzantii
888 2695 1034 2760 conditore,
1057 2695 1187 2749 Diodorus
1204 2696 1228 2761 4,
1246 2697 1279 2749 49
1297 2696 1353 2750 init.
1372 2694 1462 2767 steph.

339 2782 406 2853 Byr.
425 2798 447 2833 a.
465 2778 603 2841 Βυζάντιον.
620 2778 732 2848 Hesyeh.
746 2780 830 2832 Miles.
849 2782 934 2851 orIgg.
953 2780 1041 2833 const.
1059 2782 1133 2834 lib.6
1152 2781 1196 2848 §5
1214 2787 1240 2833 ei
1258 2782 1273 2834 9
1291 2781 1331 2848 (0.
1343 2781 1464 2835 Muelleri

338 2867 372 2922 fr.
391 2865 453 2919 hist.
474 2864 518 2918 Gr.
540 2864 576 2918 lv
593 2883 618 2935 p.
633 2864 681 2917 147
694 2865 754 2933 so).
795 2864 842 2918 Ge.
861 2865 976 2918 Codinus
999 2866 1084 2935 origg.
1104 2866 1153 2918 GP.
1170 2865 1225 2935 p.5
1243 2865 1325 2919 Bekk.
1342 2866 1463 2922 Eustath.

340 2952 376 3005 ad
392 2951 471 3005 Dion.
489 2950 590 3020 Perieg.
604 2949 654 3003 803
671 2966 696 3019 p.
709 2949 767 3014 253,
785 2950 800 3002 9
818 2949 914 3005 Bernh.
932 2950 1019 3020 Etym.
1036 2966 1125 3020 magn.
1143 2968 1165 3005 s.
1182 2943 1317 3012 Βυζάντίοι.
1343 2951 1464 3006 Nummio

340 3036 416 3091 urbis
434 3034 513 3096 Βόζας
530 3035 671 3104 inscriptus
689 3040 735 3087 est.
983 3068 986 3074 ·

411 3121 424 3154 ⁴
442 3117 544 3190 αίμίμου
561 3123 606 3171 τοῦ
624 3120 719 3189 δρυμοῦ
737 3116 822 3190 ἄρχων
834 3120 863 3185 L,
886 3118 1030 3190 αίμιμόντου
1049 3119 1076 3172 δὲ
1093 3114 1122 3186 ἦν
1141 3116 1226 3191 ἄρχων
1242 3121 1273 3174 Β.
1296 3122 1359 3175 Inde
1375 3124 1465 3177 lectio·

342 3222 405 3261 nem
423 3202 543 3257 conflari.
577 3204 604 3257 S.
622 3204 707 3256 Rufus
730 3204 800 3257 brer.
813 3206 841 3257 9:
872 3205 924 3269 „ita
945 3204 1042 3257 dicioni
1063 3206 1128 3274 reip.
1149 3222 1197 3258 sex
1215 3205 1384 3260 Thraciarum
1404 3224 1464 3276 pro·

342 3290 445 3345 vinciae
463 3294 526 3341 sunt
542 3288 699 3358 acquisitaez
721 3288 845 3353 Thracia,
867 3289 1082 3342 Haemimontus.
1094 3293 1117 3340 .“
1147 3288 1379 3343 ‘commemoratus
1396 3292 1463 3344 Hae·

343 3376 489 3429 mimontus
507 3375 540 3427 ab
558 3375 689 3427 Ammian.
706 3375 786 3427 Maro.
799 3373 840 3437 26,
856 3374 893 3437 10,
906 3374 931 3427 4.
946 3373 986 3437 97,
998 3374 1023 3435 4,
1036 3373 1051 3424 6
1064 3378 1089 3426 et
1103 3373 1141 3437 19,
1159 3373 1264 3443 Vopiso.
1275 3375 1408 3429 Aurelian.
1424 3375 1463 3440 17,

344 3460 457 3514 Trebeil.
475 3459 540 3513 Poll.
552 3458 641 3512 Claud.
654 3459 693 3522 ll,
711 3460 779 3513 aliia.
796 3488 830 3499 -
846 3459 902 3511 Hoc
918 3459 976 3510 loeo
993 3456 1192 3510 Haemimontus
1210 3459 1293 3511 saltus
1311 3459 1412 3513 dicitur.
1431 3492 1464 3501 —

344 3545 384 3598 De
400 3546 500 3597 Haemo
517 3543 624 3597 homine
642 3542 731 3613 Steph.
749 3543 822 3612 Byr„
841 3542 922 3607 said„
941 3543 1055 3595 Zonaras
1074 3542 1123 3594 sub
1140 3541 1189 3595 hoe
1206 3544 1320 3597 nomine.
1351 3545 1464 3614 Hesyeh.

344 3631 431 3685 Miles.
441 3628 485 3695 YI,
506 3628 536 3680 17
553 3646 579 3698 p.
594 3628 641 3681 149
659 3629 761 3682 Maeli:
779 3628 923 3696 Byzantem
936 3626 1010 3697 ἐχρῆν
1022 3625 1110 3678 λοιπον
1123 3627 1179 3687 τοὺς
1192 3625 1303 3688 ἐπιόντας
1315 3625 1465 3681 ἀπωθεῖσθαι

346 3711 499 3786 βαρβάρους,
522 3712 563 3763 καὶ
586 3710 694 3783 μάλιστα
716 3713 758 3764 τὸν
780 3707 871 3783 Αἷμον,
898 3712 925 3773 ὃς
949 3717 992 3779 τῆς
1015 3712 1112 3782 Θρᾴκης
1135 3712 1250 3781 τύραννος
1272 3706 1314 3781 ἦν,
1341 3714 1382 3765 καί
1403 3715 1465 3785 προς

346 3797 422 3865 αὖτὴν
440 3792 498 3863 ἧκεν
516 3800 561 3849 τοῦ
579 3798 701 3858 Βύζαντος
719 3798 804 3865 πόλιν,
823 3797 898 3849 αὐτόν
917 3816 942 3850 τε
960 3797 1002 3849 τὀν
1020 3796 1091 3868 ἥρωα
1105 3795 1305 3867 προκαλούμενος
1323 3796 1354 3858 εἰς
1373 3796 1464 3870 μάχην,

346 3884 386 3935 καλ
414 3882 554 3953 διαπορθιῑν
576 3880 673 3934 ἅπαντα
694 3882 903 3954 προθυμούμενος.
931 3881 944 3934 ὁ
968 3882 994 3935 δὲ
1017 3882 1065 3953 οὐχ
1088 3881 1218 3950 ὑπομείνας
1240 3881 1283 3949 τὴν
1305 3880 1394 3952 ἔφοδον
1420 3889 1465 3936 τοῦ

347 3964 485 4038 βαρβάρου,
509 3969 584 4037 μόνος
606 3966 667 4036 προς
686 3969 761 4036 μόνον
779 3968 962 4037 διαγωνίζεται,
986 3967 1027 4018 καὶ
1045 3964 1194 4037 καταβάλλει
1212 3955 1254 4019 τον
1272 3962 1349 4039 Αἶμον
1366 3966 1405 4021 ἐπὶ
1423 3970 1465 4021 τὀν

346 4051 475 4122 ἐπώνυμον
494 4051 569 4103 αὐτοῦ
582 4052 669 4121 λόρον.
695 4051 768 4116 Quae
785 4052 925 4121 descripsit
941 4052 1055 4106 Godinus
1072 4070 1098 4123 p.
1110 4054 1134 4119 7,
1152 4054 1269 4123 respexit
1284 4054 1465 4123 Τροία-οντες.

346 4137 633 4208 inflom.11.p.750,
652 4137 685 4190 90
708 4138 747 4190 ed.
768 4136 929 4191 Baehmann.
947 4138 1008 4208 Lps.
1028 4155 1051 4191 a.
1077 4138 1150 4193 1835.
1174 4138 1319 4208 Byzantem
1341 4155 1465 4209 regnasse

348 4221 392 4283 ἕως
411 4219 443 4282 εἰς
460 4215 537 4291 Αἷμον
555 4221 584 4273 τ“ο
604 4217 660 4291 ὅρος
678 4222 797 4277 Eustaih.
814 4223 944 4275 traditae
961 4223 1038 4278 Dion.
1056 4224 1113 4278 Per.
1126 4223 1184 4277 803.

416 4300 518 4375 5πάρος
535 4323 582 4375 pro
601 4307 641 4357 καί
659 4301 715 4375 ὅρος
733 4307 764 4361 Β.
866 4311 869 4317 ’

347 4403 353 4420 ¹
415 4391 543 4455 8νικήσεις
561 4390 592 4443 Β.
790 4387 872 4442 7τινίι
889 4410 941 4448 om.
960 4390 991 4445 B.
1145 4390 1266 4462 θέρωτᾶν
1283 4392 1312 4447 L.
1346 4413 1348 4417 ·

415 4475 427 4510 ⁹
445 4473 499 4544 περὶ
516 4475 635 4544 γενησίων
652 4474 681 4529 L.
793 4475 817 4508 ¹⁰
835 4474 890 4528 θεοῦ
908 4493 955 4547 pro
973 4481 1017 4529 τοῦ
1035 4477 1066 4543 Β,
1085 4493 1136 4532 om.
1154 4478 1184 4530 L.

414 4560 437 4637 {¹
458 4558 609 4628 παλίνορμος
627 4559 666 4613 st.
685 4556 763 4627 ἔπείγε
781 4558 811 4611 Β.
