3592 5400
342 507 405 574 208
746 527 991 598 annrrauauruu
1005 528 1048 570 nr.
1222 567 1229 597 γ

342 675 513 766 Θεαγένους
528 672 694 740 Έκάτειον.
718 670 804 751 οὗτος
820 668 917 750 δειλὰς
931 670 980 745 ἦν·
1001 673 1061 762 εἶχε
1077 657 1111 739 δέ
1126 673 1258 751 Ἑκάτης
1270 674 1413 766 ἄγαλμα,
1428 671 1461 739 οὗ

342 786 522 853 ἐπυνθάνετο
541 797 696 875 πανταχοῦ
719 787 821 851 ἀπιών.
854 791 915 853 Sed
934 793 1086 868 permultis
1106 794 1136 851 in
1157 794 1276 869 templis
1296 813 1354 851 non
1370 800 1461 863 vates,

265 926 269 936 “
343 906 395 964 sed
408 905 527 963 deorum
542 905 697 963 simulacra
712 905 778 981 ipsu
797 904 894 962 locuta
914 922 980 962 esse
999 912 1029 961 et
1048 905 1164 962 oracula
1184 904 1315 962 edidisse
1329 923 1348 962 a
1362 904 1462 962 multis

342 1016 532 1092 scriptoribus
547 1023 712 1073 narrantur.
737 1014 888 1088 Quomodo
903 1015 1068 1092 peregerint
1088 1016 1143 1072 hoc
1161 1014 1344 1086 sacerdotes,
1366 1016 1462 1073 Theo·

343 1127 460 1186 doretus
475 1126 544 1185 hist.
561 1127 630 1184 eccl.
641 1127 668 1195 5,
684 1127 722 1184 22
738 1125 891 1203 patefacit,
908 1125 957 1200 qui
968 1125 1162 1184 Alexandriae
1178 1144 1249 1184 aava
1262 1134 1384 1203 reperta
1399 1145 1462 1184 esse

343 1237 499 1296 simulacra
513 1237 617 1307 tradit,
639 1255 759 1313 quorum
773 1255 827 1311 per
846 1256 896 1295 ora
913 1236 1151 1313 praestigiatores
1165 1255 1264 1295 vocem
1284 1237 1460 1308 emitterent,

342 1367 377 1407 ao
391 1349 497 1408 multas
513 1348 656 1407 eiusmodi
670 1348 786 1407 fraudes
801 1347 980 1424 Hippolytus
1000 1347 1153 1423 episcopus
1173 1367 1266 1424 nuper
1280 1367 1317 1405 ex
1332 1349 1461 1408 tenebris

343 1467 441 1519 erutus
457 1460 554 1536 lepide
573 1459 700 1535 exponit.
728 1458 817 1532 Atqui
833 1459 910 1534 quod
924 1459 1000 1516 ultro
1016 1477 1034 1514 a
1050 1457 1119 1527 diis,
1136 1465 1168 1515 ut
1183 1458 1234 1516 isti
1248 1459 1383 1529 aiebant,
1404 1458 1460 1517 fao·

342 1578 402 1628 tum
419 1577 481 1628 erat
496 1570 655 1639 interdum,
673 1569 702 1626 id
717 1577 843 1638 veteres,
865 1588 953 1644 quum
968 1568 1116 1627 hominum
1132 1569 1302 1644 superstitio
1318 1578 1460 1628 cresceret

342 1698 377 1738 ac
392 1680 520 1758 magicae
535 1679 607 1738 artis
623 1679 713 1738 honos
729 1680 760 1737 in
777 1679 853 1738 diem
868 1687 1038 1756 augeretur,
1053 1679 1200 1737 doctrinae
1215 1698 1341 1738 arcanae
1355 1681 1460 1757 peritia

342 1793 380 1850 ab
394 1791 558 1850 hominibus
574 1790 651 1849 effici
666 1809 701 1850 ac
714 1791 863 1868 provocari
878 1809 966 1868 posse
977 1790 1118 1866 paulatim
1130 1791 1275 1861 rebantur,
1292 1810 1328 1848 ao
1341 1811 1381 1849 ne
1392 1793 1461 1852 Por·

342 1901 463 1978 phyrius
483 1901 600 1979 quidem
622 1904 756 1980 negabat.
787 1902 833 1960 Ad
849 1902 926 1959 hunc
939 1901 1116 1959 lamblichus
1132 1901 1167 1958 de
1181 1909 1269 1976 myst.
1287 1903 1323 1972 3,
1340 1903 1380 1962 28
1396 1904 1459 1962 init.

341 2012 383 2070 ita
397 2012 539 2089 loquitur:
554 2002 598 2070 Ὃ
616 1997 650 2069 δὲ
664 2006 837 2092 προτείνεις,
857 2010 897 2080 ὡς
912 1995 1050 2093 οὐδαμῶς
1065 2005 1238 2088 ἀπόβλητον
1252 2005 1288 2067 τὸ
1305 2003 1381 2069 εἶναι
1396 2030 1461 2097 γεν·

342 2117 497 2191 νητικοὺς1
516 2127 577 2180 τῶν
595 2106 760 2205 δραστικῶν
781 2107 955 2179 εἰδώλων..
975 2114 1056 2197 Ποία
1071 2105 1104 2179 δέ
1123 2139 1179 2178 τινι
1193 2117 1245 2179 καὶ
1257 2115 1348 2202 τέχνη
1364 2117 1460 2182 πλάτ-

341 2250 428 2291 τεται
447 2229 533 2290 τουτὶ
552 2216 714 2306 εἴδωλονς.
729 2230 768 2289 ,ὁ
789 2215 821 2288 δὲ
840 2235 903 2289 τῶν
919 2215 1052 2288 εἰδώλων
1070 2226 1196 2300 ποιητὴς
1213 2226 1338 2316 λέγεται
1354 2228 1408 2316 μὲν
1423 2235 1461 2304 ὡς

343 2328 393 2400 διαὶ
412 2346 475 2399 τῶν
496 2334 735 2423 περιπολοῦντων
756 2335 888 2422 ἀστέρων
908 2335 988 2398 αὐτοὶ
1007 2329 1235 2426 ἀπεργάζεσθαι.
1264 2344 1411 2404 Proculus
1431 2347 1460 2403 in

342 2454 419 2512 Tim.
441 2455 475 2524 4,
493 2454 568 2511 240:
592 2450 619 2509 οἱ
637 2448 779 2510 τελεσταὶ
800 2436 850 2509 διὰ
869 2447 1066 2535 χαρακτήρων
1081 2449 1131 2509 καὶ
1152 2446 1310 2536 ὀνομάτων
1325 2441 1460 2524 ζωτικῶν

341 2559 382 2622 τοὶ
401 2560 569 2648 ἀγάλματα
588 2558 639 2620 καὶ
659 2549 758 2632 ζῶντα
778 2559 829 2620 καὶ
848 2556 1007 2646 κινούμενα
1026 2562 1287 2634 ἀποτελοῦντες..
1310 2567 1388 2625 287:
1406 2562 1460 2632 την

341 2668 516 2740 τελεστικὴν
536 2667 699 2757 χρηστήρια
719 2669 770 2732 καὶ
790 2666 958 2758 ἀγάλματα
978 2659 1092 2757 ἱδρῦσαι
1112 2670 1163 2732 καὶ
1178 2659 1229 2732 διά
1244 2693 1333 2734 τινων
1350 2672 1460 2762 συμβί-

340 2784 402 2843 λων
424 2769 579 2850 ἑπιτίδεια
598 2790 693 2843 ποιεῖν
713 2785 752 2854 εἰς
776 2780 812 2842 τὸ
834 2778 970 2867 μετέχειν
991 2788 1046 2842 τοῦ
1067 2777 1136 2843 θεοῦ
1156 2782 1208 2843 καὶ
1227 2780 1373 2845 κινεῖσθαι
1394 2783 1459 2870 παρ’

342 2893 435 2952 αὐτοῦ
451 2891 501 2951 καὶ
515 2888 669 2977 προλέγειν
684 2890 720 2952 τὸ
737 2890 846 2977 μέλλον
862 2939 886 2952 ..
902 2895 941 2953 id.
958 2897 1082 2974 theolog.
1097 2898 1135 2955 28
1151 2918 1179 2973 p.
1194 2898 1248 2955 70:
1265 2895 1458 2964 ητελεστικη

343 2987 550 3084 διακαθηρασα
575 2998 627 3059 καί
650 3021 732 3072 τινας
753 3010 944 3088 χαρακτῆρας
969 3002 1020 3063 καὶ
1045 3000 1183 3087 σύμβολα
1207 3000 1392 3090 περιτιθεῒσα
1416 3015 1458 3086 τῷ

342 3106 498 3197 ἀγάλματι
519 3102 650 3195 ἔμψυχον
669 3109 744 3171 αὐτὰ
760 3109 879 3180 ἐποίησε
900 3112 951 3173 καὶ
966 3108 1174 3198 ὲλλαμρθεῖσα
1192 3114 1274 3201 παρὰ
1293 3123 1350 3185 τοῦ
1372 3112 1456 3178 θείου.

403 3225 498 3283 Multa
511 3225 652 3283 eiusmodi
667 3226 854 3301 Apollonium
865 3228 1064 3304 ‘spanensem
1079 3225 1227 3286 Simonem
1239 3230 1369 3307 Magum,
1385 3232 1457 3289 alios
1483 3269 1493 3280 -

340 3336 578 3414 praestigiatores
600 3336 760 3395 confecisse
778 3338 924 3396 Platonici
944 3346 974 3396 et
993 3338 1134 3396 ecclesiae
1154 3339 1312 3415 scriptores
1325 3341 1456 3400 fabulan-

341 3456 396 3517 tur,
412 3466 487 3524 quae
501 3449 588 3525 legat,
605 3448 654 3523 qui
669 3448 800 3507 voluerit.
823 3443 977 3524 Apollonii
987 3454 1017 3505 et
1030 3449 1171 3506 miracula
1184 3450 1265 3507 auxit
1279 3458 1310 3508 et
1319 3453 1366 3509 vel
1381 3460 1456 3509 aeta·

340 3566 398 3617 tem
421 3558 596 3634 permutavit
617 3559 788 3636 scriptorum
811 3559 1039 3634 Byzantinorum
1061 3559 1188 3619 inscitia.
1213 3559 1345 3620 ‘Nioetas
1367 3561 1454 3622 Chon.

340 3668 376 3727 de
396 3667 501 3727 statuis
517 3667 551 3729 C.
567 3669 631 3729 Pol.
648 3670 686 3727 ab
707 3670 833 3727 exercitu
847 3669 955 3728 Latino
974 3669 1079 3728 deletis
1098 3690 1127 3745 p.
1144 3672 1202 3728 110
1218 3670 1263 3728 ed.
1279 3672 1348 3730 Par.
1367 3665 1455 3751 (Ban-

340 3778 404 3836 duri
424 3779 534 3855 antiqq.
557 3779 590 3839 G.
606 3781 671 3838 Pol.
688 3780 789 3838 Venet.
810 3780 889 3837 1729
906 3779 926 3836 f.
948 3799 1022 3836 max.
1044 3781 1144 3838 tomil
1167 3780 1235 3838 libri
1254 3784 1269 3838 1
1286 3801 1315 3856 p.
1334 3775 1401 3860 95):
1422 3770 1454 3846 ἦν

341 3871 374 3944 δὲ
395 3886 426 3944 έν
445 3892 490 3963 τῷ
511 3888 622 3964 ἱππικῷ
639 3882 851 3967 (hippodromio
868 3888 901 3947 C.
917 3881 994 3966 Pol.)
1013 3885 1063 3945 καὶ
1082 3889 1213 3973 χαλκοῦς
1232 3886 1321 3960 ἀετὸς
1340 3886 1454 3950 ἀνακεί-

340 4013 441 4081 μενος,
456 4001 511 4053 τοῦ
527 3993 561 4054 ἐκ
576 3990 701 4055 Τυάνων
717 3992 911 4057 Ἀπολλωνίου
927 3994 1028 4057 καινθν
1043 3984 1232 4082 μεθόδευμα,
1249 3997 1370 4073 καὶτῆς
1385 3997 1454 4061 ἐκεί-

340 4127 390 4166 νου
411 4103 549 4193 γοητείας
570 4102 793 4192 μεγαλοπρεπὲς
816 4103 1017 4195 μαγγάνευμα
1038 4154 1044 4168 .
1067 4154 1074 4169 .
1097 4104 1281 4193 παραβαλὼν
1303 4108 1361 4197 γάρ
1383 4127 1454 4171 ποτε

339 4206 524 4292 Βυζαντίοις,
543 4211 718 4301 παρεκλήθη
732 4214 773 4276 τὰ
787 4224 848 4277 τῶν
864 4215 962 4301 ὄφεων
981 4214 1163 4279 κατευνάσαι
1183 4206 1330 4305 δήγματα
1344 4233 1374 4282 et
1388 4243 1416 4299 q.
1431 4242 1453 4280 s.

340 4331 394 4390 Ge.
412 4330 541 4390 Codinus
557 4330 592 4388 de
608 4330 697 4407 origg.
716 4328 748 4389 (λ
764 4330 829 4388 Pol.
845 4351 873 4407 p.
891 4333 942 4390 4b
958 4326 1003 4409 (9,
1023 4336 1036 4391 l
1053 4326 1268 4413 Bekk,):·olraip
1291 4316 1325 4390 δέ
1339 4352 1383 4401 τις
1396 4337 1453 4391 τῶν

392 4561 399 4593 ¹
414 4561 453 4613 Ita
465 4562 558 4632 scripsi
569 4579 616 4633 pro
629 4561 657 4615 rb
670 4559 880 4633 ἀναγεννητικοθςε
895 4576 953 4617 esse
965 4562 1079 4618 artifices
1090 4562 1290 4617 simulacrorum
1303 4564 1454 4618 efficacium.
