3592 5400
383 505 443 567 116
876 521 1011 565 manni.

419 678 467 736 15.
511 680 574 744 τοῖς
591 659 649 749 θὲῑ,
665 668 755 756 φόνου
771 667 887 743 πλύσας
902 666 1001 738 πάντα
1016 663 1204 755 πυριπληθέα
1218 664 1329 754 βωμόν,

509 784 540 844 ἐν
554 781 622 867 πυρὶ
638 777 733 862 βάλλε
750 768 842 866 δέμας
856 775 947 851 θύσας
962 768 1050 858 ζῴοιο
1064 785 1202 845 πετεινοῦ
1209 774 1230 854 ²,

510 891 561 952 καὶ
576 889 661 978 μέλι3
678 887 828 977 φωράσας4
842 887 949 969 Διιωίῳ
966 889 1082 974 άλρίτῳ
1098 884 1181 949 ἔνθεο

510 997 624 1088 ἀτμούς
637 1021 673 1062 τε
688 997 849 1083 λιβάνοιοί,
864 999 916 1060 καὶ
930 995 1096 1084 οὐλοχύτας
1111 997 1262 1078 ἐπίβαλλε.

510 1102 579 1172 εύτε
595 1098 620 1171 θ’
632 1110 679 1172 ἐπὶ
694 1104 872 1196 ψαμάθοισιν
886 1106 958 1192 hoff,
974 1107 1108 1196 γλαυκὴν
1124 1109 1185 1169 άλα
1199 1103 1289 1192 χεύας

352 1265 357 1277 ·
416 1226 465 1286 90.
511 1219 571 1281 κάκ
586 1217 736 1305 κεραλῆςῦ
753 1209 880 1292 θυσίαζε,
896 1218 948 1279 καὶ
962 1217 1018 1291 εἰς7
1034 1214 1110 1299 βαθὺ
1125 1225 1208 1304 κῦμα
1224 1212 1376 1289 θαλάσσης

510 1321 587 1410 ’ζῷον
603 1328 673 1390 ὅλον
687 1328 858 1414 προίαλλεθ.
872 1326 1058 1400 τελευτήσας
1070 1315 1147 1389 πάθε
1161 1323 1263 1388 πάντα

384 1487 470 1559 ἀερίοις
483 1485 562 1552 πτηνὰ
575 1485 636 1538 θύειν
649 1484 846 1556 παρακελεύεται,
859 1485 900 1536 καὶ
912 1484 940 1536 rb
954 1477 1018 1554 αἷμα,
1026 1482 1065 1536 en
1076 1486 1125 1535 τῶν
1137 1483 1229 1552 βωμῶν
1240 1479 1409 1551 περιάγοντας.
1428 1482 1505 1537 Vide·

384 1575 445 1625 licet
457 1574 527 1625 aeria
543 1571 610 1623 circa
626 1575 723 1622 terram
735 1571 857 1635 volitant5
875 1570 1012 1623 sublimior
1024 1569 1124 1633 aether,
1137 1569 1246 1621 deorum
1258 1569 1409 1621 caelestium
1422 1567 1505 1620 sedes.

385 1646 419 1698 .'.
431 1657 571 1725 ποιεύμενοι
583 1653 655 1709 ODF.

449 1743 463 1799 „1
483 1743 533 1799 τοῖς
552 1739 578 1790 δὲ
595 1740 687 1808 scripsi
702 1756 748 1808 pro
766 1739 858 1791 τοῖσδε.
885 1739 952 1792 Illud
969 1739 998 1790 δέ
1012 1739 1040 1790 in
1058 1737 1166 1808 epodosi
1181 1743 1337 1807 usurpatum
1355 1737 1456 1805 tHerm.
1473 1737 1506 1788 ad

385 1824 466 1895 Soph.
479 1823 544 1876 Phil.
557 1823 601 1894 86)
619 1825 785 1877 librariorum
802 1841 872 1876 error
890 1824 1043 1893 saepissime
1056 1840 1116 1876 cum
1128 1823 1237 1875 articulo
1250 1822 1396 1875 coniunxit.
1423 1822 1505 1880 Φύνος

384 1909 410 1962 1.
419 1911 436 1964 1.
448 1915 494 1962 ant
502 1909 660 1961 sacrificium
668 1909 807 1977 significat,
820 1914 866 1961 ant
874 1909 1044 1977 sanguinem,
1059 1913 1089 1960 ut
1100 1924 1178 1977 saepe
1194 1923 1235 1976 ap.
1244 1907 1321 1959 Hom.
1332 1904 1429 1959 Aesch-
1438 1910 1504 1974 sept.

384 1995 431 2047 44:
445 1994 485 2045 καλ
498 1991 650 2063 θιγγάνοντες
662 1993 732 2063 χερσὶ
745 1993 855 2062 ταυρείου
869 1994 959 2061 φόνου,
972 1993 1018 2045 ubi
1029 1993 1110 2044 schol.
1123 1993 1233 2061 αἵματος.

453 2079 464 2111 ²
482 2079 674 2144 στήσαςζώσοιο
685 2077 803 2132 0111-
812 2081 927 2146 ποταμοῦ
937 2076 1018 2141 Dru,
1031 2080 1156 2146 ποταμοῖο
1169 2077 1201 2140 S,
1214 2079 1323 2127 ποτανοῦ
1333 2075 1389 2129 rell.
1408 2074 1504 2128 Forma

385 2164 481 2217 Dorica
493 2164 525 2215 ab
540 2164 651 2215 oraculis
664 2163 748 2214 aliena
760 2168 811 2226 est,
829 2178 895 2230 quae
908 2161 1006 2213 formas
1020 2162 1105 2231 epicos
1118 2170 1178 2214 curn
1189 2161 1373 2213 communibus
1385 2160 1506 2213 miscent.

385 2249 509 2301 Doricum
528 2266 544 2297 α
558 2248 682 2310 removit,
700 2247 857 2298 vocabulum
874 2246 998 2297 Doricum
1015 2247 1119 2315 reliquit
1135 2245 1268 2310 stravius,
1290 2245 1336 2314 qui
1352 2261 1413 2313 opp.
1430 2244 1477 2298 sel.
1494 2243 1507 2296 1

386 2349 412 2402 p.
424 2332 470 2383 191
484 2336 591 2396 ποτηνοῦ
604 2331 722 2383 coniecit.
740 2331 797 2398 Ego
809 2347 862 2382 non
875 2333 980 2395 πετηνοῦ
992 2331 1096 2399 scripsi,
1108 2347 1164 2383 voc.
1175 2329 1358 2393 Homericum,
1371 2329 1418 2381 sed
1430 2346 1506 2380 πετει-

386 2419 444 2483 νοῦ,
463 2417 524 2484 quia
539 2414 603 2466 haec
621 2415 706 2468 forma
722 2420 749 2466 et
764 2416 797 2467 ab
810 2415 902 2466 Atticis
920 2419 977 2466 eta
993 2416 1076 2484 poetis
1093 2415 1173 2484 epicis
1189 2414 1378 2483 posterioribus
1396 2419 1423 2466 et
1439 2412 1507 2466 inira

386 2516 411 2555 ν.
422 2499 456 2552 30
468 2506 618 2570 usurpatur.
636 2499 667 2553 ln
679 2499 752 2552 codd
765 2498 921 2569 diphthongi
933 2517 952 2550 ει
964 2499 1146 2570 compendium
1158 2515 1236 2569 saepe
1249 2499 1294 2552 rix
1306 2499 1340 2551 ab
1353 2517 1369 2548 α
1380 2498 1508 2568 distingui

386 2590 481 2654 potest.

455 2667 1265 2740 191σΑΗ11,ρυρίσης8,ρορήσαςτε11.θοοείιιισίίοοούοιιι
1280 2667 1387 2724 inPlat.
1401 2667 1507 2721 Theaet.

389 2755 523 2823 14Ίοιγῆ
492 2754 605 2825 γηύγρῷ
620 2755 765 2824 φυραθεῦσα,
784 2760 810 2807 et
822 2756 902 2807 al.—
915 2754 1017 2823 διίιρΒ,
1036 2754 1090 2824 opt
1077 2775 1098 2805 ω
1114 2756 1172 2807 rell.
1184 2754 1304 2807 Correxit
1315 2754 1445 2825 Scaliger.
1468 2754 1508 2806 Ita

387 2842 414 2892 in
428 2841 532 2893 oraculo
545 2856 633 2908 praep.
643 2856 682 2891 er.
692 2838 716 2892 5
727 2835 787 2897 θείς
799 2837 894 2908 χθόνα.
907 2839 1027 2904 ,Δηωιοα
1039 2838 1112 2892 Ovid.
1124 2844 1187 2894 met.
1198 2839 1223 2893 8.
1229 2838 1284 2895 760
1292 2838 1376 2891 Deoia
1387 2855 1507 2908 quercus.

388 2953 422 2963 -
432 2919 534 2991 άλφιτας
544 2922 618 2975 OFG.
630 2952 663 2961 --
677 2919 741 2973 ἔνθεο
752 2922 854 2987 AGFG,
867 2920 931 2974 ἔνθεν
943 2924 998 2976 roll.

456 3007 467 3040 ⁴
485 3007 555 3059 Infer
566 3022 676 3075 vapores
687 3005 804 3070 thuris
796 3023 813 3059 1.
826 3023 849 3061 e
862 3006 941 3060 thura
951 3008 1087 3063 fumantia
1133 3049 1136 3054 .

457 3090 468 3122 ⁵
487 3088 514 3141 δὲ
523 3108 572 3161 παρ
583 3090 802 3160 ύαμαθοισινηςΑ
813 3089 840 3143 δὲ
849 3109 898 3161 παρ
909 3090 1055 3162 ψαμάθοισιν
1065 3090 1165 3157 εἶςΗ
1151 3110 1191 3163 της
1200 3110 1267 3147 com
1277 3092 1405 3163 Scaliger.
1423 3094 1508 3147 Littus

389 3191 529 3229 arenosum
540 3174 710 3243 significatur.

457 3261 468 3294 ⁶
487 3256 532 3311 κάκ
542 3259 649 3329 κεφαλῆς
658 3260 731 3313 codd.
740 3261 852 3330 Vigerus
862 3263 930 3317 coni.
941 3262 1104 3332 κακκεραλῆς.
1114 3264 1190 3317 Ηοιιι.
1201 3263 1231 3316 ll.
1245 3333 1247 3336 ι
1244 3262 1284 3315 18.
1294 3262 1327 3316 23
1339 3263 1406 3314 κόνιν
1416 3264 1509 3334 χεύατο

390 3340 437 3397 κὰκ
449 3344 568 3415 κεφαλῆς,
581 3345 608 3397 in
621 3362 698 3398 suum
710 3350 796 3416 caput.
816 3345 957 3400 Oraculum
968 3348 1106 3417 praecipit,
1118 3353 1149 3399 nt
1160 3363 1228 3417 aqna
1236 3348 1338 3400 marina
1348 3348 1509 3401 inriotimue

389 3436 468 3500 caput
482 3430 612 3483 fundatur.
634 3432 675 3484 Ita
690 3430 827 3500 Iphigenia
843 3448 884 3501 ap.
901 3431 962 3484 Eur.
978 3449 1003 3487 ν.
1018 3432 1081 3484 1191
1094 3450 1123 3485 se
1141 3434 1178 3484 ait
1192 3432 1311 3486 Orestem
1321 3432 1510 3503 Pylademque,

389 3520 530 3584 antequam
542 3520 647 3581 mactet,
659 3517 725 3568 velle
738 3514 804 3585 νίψαι
815 3515 900 3586 ἁγνοῖς
913 3516 1062 3585 καθαρμοῖς,
1075 3516 1198 3586 θαλασσίᾳ
1210 3517 1303 3587 δρόσῳ.

457 3600 467 3633 ⁷
487 3597 518 3659 εἰς
530 3616 564 3652 ex
575 3600 623 3653 ΑΗ
633 3600 720 3669 recepi
730 3617 777 3670 pro
791 3598 821 3661 ἐς.
840 3600 926 3652 Etiam
937 3618 962 3655 ν.
975 3602 1006 3653 12
1019 3601 1060 3652 καὶ
1071 3599 1103 3662 είς
1114 3602 1219 3670 legitur.
1242 3600 1304 3671 βαρύ
1317 3602 1372 3656 AH.

458 3684 468 3717 ⁸
486 3682 558 3746 Quae
569 3686 765 3754 praecipiuntur
777 3686 950 3738 caerimoniae
967 3686 1130 3739 lustrationis
1143 3692 1212 3739 sunt.
1225 3686 1281 3739 Hae
1298 3704 1404 3756 quoqne
1417 3688 1452 3741 ab
1464 3688 1509 3741 ho-

388 3768 490 3822 minum
502 3768 637 3821 sacrificiis
649 3770 754 3822 initium
763 3775 893 3839 ceperant.
910 3769 985 3822 Phor„
998 3787 1020 3824 s.
1033 3769 1171 3839 περίψημαε
1182 3770 1261 3830 οὕτως
1273 3768 1392 3841 ἐπέλεγον
1404 3776 1443 3842 τῷ
1456 3773 1510 3825 κατ’

388 3850 497 3903 ἐνιαυτὸν
507 3850 687 3922 ἐμβαλλομένῳ
697 3857 727 3923 τῇ
738 3852 848 3923 θαλάσσῃ
858 3854 940 3924 νεανίᾳ
948 3852 987 3905 ἐπὶ
996 3851 1129 3928 ἀπαλλαγῇ
1140 3857 1189 3906 τῶν
1199 3856 1353 3925 σονεχύντων
1364 3860 1458 3909 κακῶν·
1467 3876 1510 3908 πε-

391 3934 485 4005 ρίψημα
496 3933 567 4003 ἡμῶν
581 3941 665 4003 γενοῦ·
678 3934 733 4002 ἤτοι
751 3938 861 4007 σωτηρία
878 3939 920 3990 καὶ
932 3936 1116 4008 ἀπολύτρωσις·
1134 3939 1175 3991 καὶ
1191 3940 1270 3999 ούτως
1286 3937 1403 4008 ἐνέβαλον
1419 3946 1450 4012 τῇ
1468 3943 1511 3993 θα-

390 4016 486 4087 λάσσῃ,
500 4016 587 4069 ὡσανεὶ
605 4024 642 4089 τῷ
659 4020 795 4074 Ποσειδῶνι
812 4019 987 4083 ἆποτιννύνιες.
1006 4024 1100 4076 Postea
1116 4041 1164 4093 pro
1176 4024 1326 4077 hominibus
1339 4026 1467 4079 anirnalia
1483 4028 1511 4078 in

390 4103 458 4156 mari
466 4102 661 4170 mergebantur.
674 4103 867 4174 Theophrastus
880 4107 912 4159 de
923 4109 1060 4161 comoedia
1070 4108 1212 4178 aphthen.
1220 4108 1267 4178 dp.
1279 4108 1510 4179 idld'lirynthios

391 4188 469 4240 tradit
481 4187 586 4239 oraculo
598 4186 723 4256 Delphico
740 4190 827 4242 iussos
840 4208 897 4244 esse
908 4192 1030 4261 Neptuno
1046 4198 1151 4246 taurum
1163 4194 1309 4246 sacrificare
1326 4199 1352 4245 et
1362 4194 1419 4246 risu
1432 4195 1511 4247 absti-

389 4278 481 4326 nentes
493 4272 521 4330 in
532 4288 604 4324 mare
616 4273 731 4327 iniicere.
751 4274 874 4327 Similiter
885 4278 927 4328 rel
938 4277 994 4328 sine
1003 4279 1115 4339 victimis
1127 4277 1220 4331 Graeci
1231 4278 1420 4348 purgabantur.
1433 4280 1509 4332 Hom.

390 4356 526 4411 1113142
540 4356 562 4408 ol
575 4356 793 4427 d’o'rrrrlupolvovro
806 4358 845 4409 καλ
858 4356 889 4418 εἰς
902 4358 952 4410 άλα
963 4359 1052 4429 λύματ’
1065 4359 1180 4430 ἔβαλλον.
1197 4362 1317 4431 Namque
1327 4363 1443 4414 θάλασσα
1451 4363 1511 4415 κλύ·

392 4441 427 4501 ζει
443 4438 522 4492 πάντα
538 4441 688 4512 τάνθρώπων
707 4439 783 4507 κακά,
799 4449 829 4495 ut
845 4444 882 4496 ait
893 4443 954 4498 Eur.
967 4443 1021 4513 Iph.
1035 4447 1064 4499 T.
1075 4447 1141 4500 1193
1152 4447 1231 4501 Barn.
1243 4477 1277 4487 -
1289 4446 1376 4516 Supra
1392 4447 1462 4513 dixi,
1477 4448 1510 4500 ad

392 4525 454 4579 deos
466 4527 581 4580 marinos
592 4529 703 4581 numina
714 4544 843 4597 aquarum
855 4529 974 4582 omnium
986 4533 1090 4584 oraculo
1101 4532 1201 4587 referri
1222 4533 1263 4585 Ita
1273 4532 1350 4587 Hom.
1361 4531 1392 4585 IL
1405 4532 1448 4587 21.
1463 4532 1510 4585 195
