3592 5400
467 625 507 685 tt
896 641 1005 686 norae.

509 833 586 900 Ibid.
606 834 674 899 Lin.
694 838 723 900 4.
739 832 904 898 Πνδαέδα
924 838 954 900 et
973 834 1108 920 sequitur
1119 833 1308 909 Hoda‘tdoe.
1332 832 1441 899 Versio

466 974 503 1039 V.
519 974 554 1038 Ιι.
576 975 733 1061 Ργιδὶοδα
743 975 880 1058 μικὶιακι
892 996 912 1036 ιι
923 974 1100 1060 Pythiade:
1120 973 1172 1037 Sie
1183 979 1214 1038 et
1224 972 1274 1038 alii
1287 979 1318 1038 et
1328 973 1441 1039 Sextus

464 1115 635 1201 Empiricos
674 1114 740 1180 adv.
774 1113 918 1180 Mathem.
954 1115 979 1180 I.
1014 1120 1087 1181 258.
1120 1112 1285 1179 Πυθιάδα
1320 1112 1441 1179 videtur

465 1253 695 1341 praeferendum.
712 1254 775 1319 cfr.
794 1254 916 1342 Menag.
935 1255 972 1320 ad
986 1255 1078 1342 Diog.
1096 1255 1196 1321 Laert.
1216 1256 1251 1321 Τ.
1271 1255 1313 1321 Π.
1325 1277 1353 1342 p.
1367 1258 1440 1320 191.

509 1531 587 1597 Ibid.
609 1533 679 1598 Irin.
703 1537 731 1598 8.
760 1539 780 1614 ἠ
804 1540 859 1615 τῆς
884 1531 1030 1609 Ἰλιάδος
1055 1532 1193 1607 έκδοσις.
1218 1533 1276 1600 Est
1298 1531 1351 1598 illa
1375 1532 1439 1598 Ho-

464 1672 536 1737 meri
568 1671 674 1749 editio,
706 1695 783 1757 quae
814 1672 907 1760 vulgo
938 1674 972 1735 ἐκ
1006 1678 1173 1758 νάρθηκος
1202 1672 1325 1748 dieitur,
1350 1695 1440 1758 quarn

464 1810 632 1876 Alexander
663 1813 809 1898 pretiosae
839 1812 965 1878 eistulae
995 1812 1159 1890 inclusam,
1193 1835 1307 1900 semper
1337 1835 1438 1877 seeum

463 1949 582 2016 terebat.

507 2224 585 2293 Ibid.
608 2226 677 2291 Lin.
703 2230 731 2291 8.
754 2228 793 2306 ἣν
819 2224 951 2290 δέδωκε.
978 2225 1077 2293 malim
1102 2224 1214 2290 ἔδωκε.

507 2502 586 2569 Ibid.
607 2503 676 2568 Lin.
704 2507 752 2570 ll.
776 2505 843 2567 Καὶ
868 2505 909 2566 τὰ
936 2505 1067 2588 ιάτρικὰ
1090 2501 1306 2589 προβλήματα
1308 2553 1441 2570 .....

463 2693 746 2709 ..........
770 2640 967 2728 Γέγραπται
991 2643 1138 2728 ὕστερον.
1171 2643 1210 2708 In
1234 2641 1319 2709 Vera.
1343 2642 1381 2711 V.
1403 2644 1441 2711 Ιι.

462 2804 523 2847 non
557 2781 615 2847 hoo
646 2782 729 2857 loeo,
753 2781 804 2846 sed
827 2783 905 2847 infra
929 2781 1001 2847 haee
1023 2782 1143 2861 eadem,
1164 2784 1268 2870 paucis
1290 2785 1443 2871 exeeptis,

460 2922 612 3007 leguntur.
638 2922 830 3006 “Composuit
854 2928 955 2986 aurem
979 2929 1008 2986 et
1031 2922 1232 2987 medicinalia
1247 2922 1441 3007 problemata

461 3064 517 3126 etc.
549 3061 674 3146 Scripta
706 3068 808 3125 autem
839 3068 884 3125 eet
915 3062 951 3123 od
975 3082 1008 3124 eo
1030 3061 1182 3145 posteriue
1205 3062 1336 3127 historio
1355 3063 1439 3147 poli·

461 3200 605 3276 tiorum„
637 3198 695 3263 Sed
728 3199 785 3265 ista
816 3204 920 3264 auctor
944 3200 1089 3265 versionis
1112 3199 1208 3264 alieno
1231 3200 1333 3285 posuit
1355 3201 1440 3281 loeo;

460 3337 534 3423 quid
558 3339 637 3403 enim
661 3337 702 3403 ibi
727 3337 878 3424 signifieat
898 3340 1078 3425 posteriue?
1101 3343 1167 3404 tom
1191 3344 1351 3405 contextus
1374 3362 1438 3426 per·

461 3476 564 3563 spicue
594 3475 682 3541 docet
714 3474 786 3540 talia
808 3474 851 3540 ibi
875 3474 947 3540 olim
971 3498 1033 3541 non
1056 3476 1168 3563 scripta
1189 3477 1289 3542 fuisse.
1313 3478 1352 3542 In
1376 3479 1439 3544 vita

460 3615 555 3681 Arist.
576 3613 802 3680 Pseud-Amm.
825 3616 843 3677 ὀ
864 3616 924 3696 μέν
949 3605 1007 3679 οὖν
1028 3613 1266 3699 Ἀριστοτέλης
1290 3615 1339 3678 έτι
1364 3615 1437 3694 νέος

461 3754 507 3819 ὢν
544 3756 603 3834 τὴν
640 3757 705 3818 τῶν
742 3751 926 3837 ἐλευθέριον
962 3751 1119 3817 παιδείαν
1156 3751 1358 3834 ε’παιδειέετο,
1394 3757 1438 3832 ὡς

462 3890 558 3976 δηλοῖ
580 3895 621 3956 τὰ
645 3877 853 3976 γεγραμμένα
876 3893 965 3976 αὐτῷ
990 3894 1063 3976 περὶ
1087 3900 1258 3974 ποιητικῆς
1282 3896 1338 3957 καὶ
1362 3897 1437 3980 περὶ
1508 3898 1511 3905 ’

461 4034 621 4115 ποιητῶν,
654 4032 704 4095 ἔτι
738 4031 850 4114 μέντοι
887 4035 927 4095 τὰ
962 4035 1103 4116 Όμηρον
1135 4029 1350 4118 προβλήματα
1382 4037 1438 4097 καὶ

462 4173 498 4234 αἱ
532 4173 700 4255 ῥητορικαὶ
737 4169 863 4255 τέχναι.
900 4171 1015 4235 Noster
1049 4170 1144 4235 multa
1178 4171 1289 4258 scripta
1321 4171 1440 4239 addidit

462 4311 536 4377 varii
570 4311 701 4397 generis,
738 4318 772 4375 ut
806 4310 922 4376 seilicet
951 4309 1120 4375 ostenderet
1150 4310 1345 4376 Aristotelem
1377 4317 1437 4394 τὴν

460 4452 527 4514 τῶν
562 4446 744 4534 ἐλευθέρων
776 4446 934 4513 παιδείαν
968 4447 1211 4512 πεπαιδεῦσθαι
1234 4449 1266 4513 id
1289 4454 1335 4516 est
1360 4449 1439 4515 didi·
