3592 5400
341 511 404 576 210
636 568 638 572 Α
743 531 989 574 mammarum
1008 531 1053 574 m.

341 689 450 757 locum,
470 705 537 744 cera
557 685 687 743 oblinere
707 685 856 755 solebant,
883 684 1058 761 eosdemque
1079 685 1203 743 honores
1220 683 1310 742 etiam
1329 686 1369 743 ad
1387 672 1461 756 aras,

342 798 506 866 columnas,
526 795 664 854 terminos
684 795 882 854 conferebant.
919 796 1005 870 Quod
1027 812 1115 870 quum
1135 795 1172 852 de
1192 796 1257 854 oleo
1276 803 1409 866 constet,
1429 796 1463 853 de

341 927 408 967 cera
426 904 568 983 quaedam
587 906 693 964 afferre
712 906 786 965 satis
801 907 903 964 habeo.
933 906 1062 964 luvenal.
1081 907 1129 975 10,
1147 906 1202 963 55:
1222 925 1320 983 genua
1333 905 1463 964 incerare

342 1019 470 1077 deorum.
497 1017 637 1076 Prudent.
654 1023 756 1074 contra
770 1014 880 1092 Symm.
901 1019 932 1086 l,
950 1017 1024 1074 203:
1041 1035 1112 1075 saxa
1125 1015 1206 1104 illita
1216 1017 1293 1076 ceris

515 1128 641 1197 viderat,
656 1132 861 1204 unguentoque
874 1127 968 1185 Lares
982 1120 1152 1185 humescere
1165 1127 1276 1204 nigros.

384 1289 386 1293 .
406 1240 449 1299 Id.
465 1239 599 1298 Hamart.
616 1239 693 1297 403:
709 1237 820 1295 incerat
833 1237 946 1313 lapides
961 1237 1089 1296 fumosos
1104 1236 1271 1295 idololatrix
1285 1237 1413 1315 relligio.

406 1350 466 1424 Qui
480 1369 542 1408 mos
558 1356 679 1406 naturae
694 1356 754 1406 tam
769 1355 814 1407 est
830 1355 1065 1431 consentaneas,
1079 1355 1112 1404 ut
1127 1346 1249 1407 Graecis
1264 1348 1463 1424 Romanisque

342 1479 407 1518 eum
427 1460 547 1518 orientis
568 1458 683 1534 populis
703 1458 792 1515 fuerit
811 1458 981 1517 communis.
1011 1455 1140 1516 Hebraei
1156 1465 1282 1542 arnmot
1296 1478 1369 1518 vasa
1383 1477 1463 1518 sacra

342 1572 405 1630 oleo
421 1571 601 1647 unguebant,
615 1569 735 1627 Iacobus
749 1568 780 1625 in
794 1569 869 1628 Mos.
885 1569 952 1626 libr.
970 1571 1002 1637 1,
1019 1569 1073 1637 28,
1093 1567 1140 1626 18.
1158 1568 1197 1627 35
1203 1610 1212 1638 ,
1232 1546 1271 1627 '14
1287 1569 1377 1626 etiam
1392 1569 1462 1646 lapi·

342 1681 408 1751 des,
423 1688 456 1737 ut
471 1679 524 1737 deo
547 1686 741 1749 consecraret,
763 1677 950 1737 Christianae
964 1678 1100 1736 mulieres
1115 1678 1217 1736 eadem
1231 1679 1376 1756 religione
1390 1652 1462 1738 mar-

341 1799 437 1868 tyrum
451 1790 586 1866 sepulcra
600 1795 629 1846 et
644 1788 792 1866 effigies&
811 1808 848 1846 ne
863 1808 946 1866 reges
964 1788 1081 1863 quidem
1095 1789 1318 1866 unguebantur,
1332 1797 1367 1847 ut
1381 1790 1462 1867 quasi

300 1948 307 1963 .
342 1902 383 1959 dii
398 1908 511 1970 essent,
533 1900 583 1958 sed
600 1907 631 1957 ut
650 1899 704 1957 deo
725 1907 973 1958 consecrarentur.
1001 1898 1097 1957 Aliter
1115 1907 1212 1957 tamen
1232 1900 1400 1958 cadentium
1419 1920 1461 1959 re·

341 2032 405 2070 rum
421 2010 599 2070 Graecarum
613 2011 869 2086 Romanorumque
888 2009 1057 2086 superstitio
1073 2010 1126 2068 bas
1140 2029 1187 2068 res
1202 2009 1347 2068 instituit:
1369 2029 1463 2088 neque

340 2122 415 2201 fugit
428 2122 623 2200 Augustinum
637 2119 712 2177 illud
726 2118 896 2189 discrimen,
917 2119 1019 2195 quide
1039 2119 1092 2178 civ.
1109 2119 1157 2177 dei
1175 2121 1228 2189 16,
1245 2120 1301 2190 38,
1319 2120 1353 2178 2:
1378 2121 1463 2196 „Nec

340 2252 421 2291 more
446 2231 589 2289 idolorum
614 2228 742 2305 lapidem
766 2229 894 2304 perfudit
919 2230 982 2286 oleo
1008 2231 1111 2304 Iacob,
1139 2230 1219 2288 velut
1242 2230 1356 2290 faciens
1381 2231 1463 2289 illum

341 2343 436 2400 deum.
465 2340 570 2415 Neque
590 2340 668 2396 enim
688 2338 819 2397 adoravit
839 2339 963 2396 eundem
982 2340 1110 2416 lapidem
1124 2341 1171 2398 vel
1190 2340 1236 2398 illi
1256 2338 1461 2400 sacrificavit.“

342 2451 483 2528 Spiritum
509 2450 638 2509 divinum
664 2449 777 2508 scilieet
799 2449 865 2526 ipsa
890 2449 1110 2508 consecratione
1135 2451 1278 2510 insinuari
1304 2451 1368 2510 rati⁴
1386 2460 1461 2512 sunt.

340 2564 449 2624 Minue.
464 2563 528 2622 Fel.
544 2559 611 2620 Oct.
630 2561 679 2631 23,
698 2562 751 2619 10:
770 2555 888 2634 „Ecce“
907 2560 1092 2618 simulacrum
1115 2560 1278 2635 „funditur,
1294 2535 1484 2632 fabricatur,

341 2673 495 2752 sculpitur,
511 2707 548 2717 -
562 2671 690 2731 nondum
705 2671 776 2731 deus
791 2679 849 2744 est;
865 2688 933 2730 ecce
946 2671 1124 2748 plumbatur,
1139 2663 1464 2752 construitur,'erigitur

341 2816 382 2825 -—
396 2802 451 2842 nec
470 2785 565 2841 adhuc
586 2782 657 2841 deus
676 2790 736 2853 est;
756 2800 822 2840 ecce
842 2789 976 2852 ornatur,
998 2790 1197 2854 consecratur,
1218 2791 1320 2841 oratur
1338 2793 1463 2843 -tune

341 2902 486 2970 postremo
501 2894 572 2951 deus
588 2900 647 2963 est,
667 2910 755 2968 quum
769 2894 854 2952 bomo
869 2891 954 2950 illum
968 2894 1060 2951 voluit
1074 2901 1104 2950 et
1118 2890 1291 2953 dedicavit.“
1321 2893 1462 2955 Crescens

342 3002 526 3078 superstitio,
549 3001 688 3076 quidquid
710 3002 807 3059 divino
827 3004 937 3061 honore
958 3010 1090 3061 ornatum
1112 3011 1190 3074 erat,
1212 3003 1311 3081 ipsum
1333 3006 1462 3064 divinum

341 3111 405 3170 fieri
420 3111 594 3170 somniabat.
624 3110 818 3187 Theophrast.
835 3114 961 3172 charact.
980 3115 1033 3172 16:
1048 3115 1134 3172 homo
1149 3114 1374 3191 superstitiosus
1389 3117 1462 3175 solet

340 3226 401 3280 τῶν
421 3220 553 3304 λιπαρῶν
573 3213 662 3279 λίθων
681 3225 743 3280 τῶν
762 3220 793 3280 ἐν
812 3228 879 3293 ταῖς
897 3207 1044 3307 περιόδοις
1067 3218 1181 3307 παριὼν
1199 3221 1235 3281 ἐκ
1255 3227 1312 3293 τῆς
1330 3217 1461 3290 ληκύθου

341 3331 441 3391 ἔλαιον
455 3337 613 3413 καταχεῖν,
634 3327 685 3389 καὶ
704 3328 752 3390 ἐπὶ
771 3327 888 3417 γόνατα
906 3327 1006 3392 πεσὼν
1021 3329 1072 3391 καὶ
1085 3328 1289 3416 προσκυνήσας
1303 3328 1461 3394 ἀπαλλάτ-

339 3435 452 3501 τεσθαι.
485 3443 531 3500 Ita
545 3442 712 3500 Rutilianus
727 3462 774 3519 ap.
791 3444 952 3502 Lucienum
966 3444 1050 3503 Alex.
1067 3447 1123 3503 30:
1145 3444 1169 3502 εἰ
1190 3438 1280 3527 μόνον
1295 3439 1460 3529 ἀληλιμμέ-

340 3570 389 3610 νον
396 3570 455 3611 που
467 3543 548 3609 λίθον
559 3542 578 3617 ἢ
591 3548 834 3634 ἐστεφανωμένον
847 3546 998 3625 θεάσαιτο,
1010 3550 1202 3637 προσπίπτων
1215 3546 1300 3623 εὐθὺς
1311 3552 1364 3613 καὶ
1373 3572 1460 3639 προσ-

284 3665 285 3672 ’
340 3665 435 3721 κυνῶν
455 3656 506 3719 καὶ
526 3656 652 3719 ἐπιπολὺ
671 3656 828 3746 παρεστὼς
842 3659 893 3721 καὶ
908 3658 1065 3746 εὐχόμενος
1081 3660 1133 3722 καὶ
1145 3657 1270 3749 τάγαθὰ
1283 3659 1353 3749 παρ’
1369 3664 1458 3724 αὐτοῦ

341 3772 460 3830 αἰτῶν..
483 3772 594 3830 Tibull.
613 3775 640 3831 1.
659 3776 712 3832 11ι

491 3881 569 3940 Nam
583 3902 720 3953 veneror,
741 3903 794 3942 seu
808 3884 901 3961 stipes
915 3885 1004 3943 habet
1018 3884 1197 3945 desertusin
1211 3886 1302 3965 agris,

598 4010 650 4049 seu
664 4000 746 4052 vetus
760 3994 792 4052 in
805 3994 891 4078 trivio
905 3996 996 4053 florea
1009 4003 1089 4053 serta
1102 3996 1188 4073 lapis,

493 4106 522 4156 et
537 4101 726 4178 quodcunque
740 4104 812 4162 mihi
826 4082 944 4182 pomum
959 4124 1052 4165 novus
1066 4106 1170 4165 educat
1182 4125 1289 4179 annus,

584 4210 706 4269 libatum
721 4214 864 4291 agricolae
878 4217 998 4290 ponitur
1010 4224 1079 4276 ante
1093 4218 1188 4275 deum.
1236 4242 1238 4245 ·

355 4347 363 4355 ‘
407 4338 589 4391 *Theodoret
607 4340 635 4392 in
659 4339 773 4393 Genesin
791 4359 850 4411 opp.
869 4343 891 4394 l.
909 4360 935 4411 p.
953 4343 993 4397 03.
1011 4346 1050 4397 ed.
1067 4345 1125 4399 Par.
1143 4362 1167 4399 a.
1188 4345 1265 4397 1642:
1283 4350 1359 4397 τοῦτο
1376 4347 1402 4398 δὲ
1418 4342 1454 4397 καὶ

339 4426 380 4473 νῦν
398 4420 461 4474 ἔστιν
478 4419 637 4493 separarat
654 4424 757 4477 πολλῶν
770 4428 890 4496 γυναικῶν
909 4430 959 4497 τῶν
971 4433 1007 4498 τῷ
1021 4430 1098 4499 κυρίῳ
1115 4432 1312 4484 πεπιστευκότων
1325 4434 1453 4501 γινόμενον,

339 4504 437 4558 εἰώθασι
453 4508 499 4577 γὰρ
516 4508 540 4559 ἐν
553 4512 603 4569 τοῖς
622 4508 690 4569 θείοις
708 4514 792 4575 σηκοῖς
810 4508 886 4581 ἐλαίῳ
903 4511 978 4581 χρίειν
995 4514 1037 4574 τὰς
1055 4517 1104 4564 τῶν
1117 4510 1259 4585 ἀνακτόρων
1277 4515 1402 4586 κιγκλίδας
1418 4512 1452 4564 καὶ

339 4594 388 4642 τῶν
401 4590 477 4661 ἁγίων
490 4594 619 4663 μαρτύρων
632 4591 673 4654 τὰς
684 4592 765 4659 tonte
1105 4589 1110 4598 ³
