3592 5400
620 507 717 550 curor
731 507 759 550 ν.
783 506 824 547 or
841 506 1045 548 onacsuonuu
1060 506 1179 549 usmis.
1417 487 1457 548 79

335 650 499 716 ἀποθανὼν
512 664 555 743 γῇ
568 651 795 740 καλυφθήσεται
806 652 944 737 Αιβύσσῃ
960 666 990 716 et
1004 677 1031 734 q.
1044 677 1067 718 s.
1080 659 1258 717 Pausaniam
1270 656 1378 719 Suidas
1394 678 1417 718 s.
1431 679 1457 719 v.

336 761 470 846 ‘Adam
483 789 512 846 p.
525 770 597 828 435.
613 772 647 827 11
666 769 701 827 a.
718 769 866 828 exsensu.
889 769 991 827 metz.
1006 769 1075 826 suu.
1094 771 1120 826 1.
1139 769 1213 827 ros:

492 877 566 939 αὐτὸς
584 878 612 930 δὲ
629 876 758 949 φάρμακον
775 879 838 930 πιὼν
856 879 953 944 θνήσκει
969 879 1031 948 πρὸς
1050 878 1167 946 Βιθυνίαν,

494 965 554 1033 πρός
572 981 595 1014 τι
612 963 706 1033 χωρίον
724 963 847 1031 Λίβυσσαν
866 1003 890 1018 ..

493 1042 522 1112 ἦν
540 1045 588 1118 γάρ
606 1046 706 1116 Ἀννίβᾳ
722 1066 757 1109 τις
775 1047 888 1118 χρησμὸς
907 1048 974 1098 οὕτω
992 1066 1044 1108 πως
1062 1048 1243 1118 γεγραμμένος.
1262 1050 1289 1099 A.
1300 1067 1322 1099 κ.
1333 1048 1355 1116 β.
1366 1046 1400 1099 ‘A
1411 1047 1433 1100 δ.

339 1155 439 1216 Schol.
452 1158 553 1216 Taetz.
569 1156 600 1214 iu
613 1155 742 1215 Crammi
757 1157 857 1215 anecd.
874 1154 970 1216 Oxou.
987 1159 1004 1216 3
1021 1178 1050 1234 p.
1066 1158 1142 1216 353:
1157 1152 1194 1214 τὸ
1210 1160 1260 1213 νῦν
1275 1151 1459 1241 καλούμενον

338 1261 382 1324 τά
390 1259 526 1338 Βουτίου,
542 1265 582 1334 ὡς
593 1258 737 1349 Ἀρριανὸς
751 1265 782 1324 ἐν
793 1259 980 1335 Βιθυνιακοῒς
990 1260 1105 1350 γράφει.
1121 1265 1303 1343 Steph.Byz.
1312 1260 1459 1344 Λίβυσσα,

340 1368 477 1458 φρούριον
492 1368 627 1444 Βιθυνίας
642 1368 862 1434 ἐπιθαλάσσιον.
894 1377 973 1435 Plin.
990 1385 1050 1435 nat.
1066 1377 1136 1435 hist.
1153 1379 1181 1435 5.
1198 1378 1253 1436 45:
1272 1377 1359 1451 „Fuit
1374 1386 1403 1435 et
1418 1373 1459 1456 (in

338 1479 492 1564 Bithynia)
508 1485 637 1561 Libyssa
651 1485 805 1563 oppidum,
822 1487 872 1545 ubi
887 1505 965 1545 nunc
979 1487 1156 1546 Hannibalis
1171 1495 1284 1546 tautum
1300 1487 1457 1547 tumulus‘*

339 1597 430 1670 Atqui
451 1615 539 1671 quum
555 1595 733 1654 Graecorum
753 1596 800 1653 dei
815 1598 912 1655 verbis
931 1597 1076 1656 ferrentur
1090 1616 1137 1656 res
1152 1598 1264 1657 futuras
1282 1599 1459 1675 praedicere,

339 1710 466 1764 Ammon
481 1706 572 1783 signis
587 1713 700 1763 tantum
715 1707 863 1777 utebatur;
878 1706 908 1763 id
924 1715 969 1765 est
984 1707 1171 1766 simulacrum
1187 1708 1250 1766 eius
1264 1710 1302 1766 ab
1314 1709 1460 1786 octoginta

340 1816 542 1875 sacerdotibus
556 1818 740 1893 portabatur3
760 1835 817 1890 quo
832 1817 968 1873 trahebat
981 1816 1056 1874 sorte
1070 1817 1251 1886 sacerdotes,
1266 1817 1335 1875 iude
1350 1818 1461 1875 divina-

340 1929 392 1985 bat
411 1926 546 1984 antistes.
576 1925 697 1984 Diodor.
714 1926 761 1983 17.
775 1927 825 1984 50.
838 1934 910 1983 extr.
930 1919 1104 2002 (exscriptus
1118 1945 1137 1984 a
1153 1924 1252 1984 Curtio
1268 1929 1298 1984 4.
1313 1928 1341 1984 7.
1356 1920 1412 2005 24)
1432 1936 1462 1985 et

341 2035 449 2096 Strabo
468 2037 515 2094 17.
531 2055 560 2112 p.
574 2037 635 2095 814
647 2055 673 2093 a.
702 2035 842 2094 Versibus
862 2035 969 2092 factam
989 2053 1055 2094 esse
1073 2036 1233 2112 prophetae
1247 2035 1462 2111 interpretatio·

340 2166 409 2204 nem
428 2165 513 2204 nemo
533 2145 630 2205 tradit.
662 2145 742 2220 Quid
763 2145 874 2202 multa?
902 2146 1028 2222 Propter
1047 2145 1156 2203 similia
1175 2145 1287 2221 patriae
1306 2146 1461 2222 oppidique

340 2257 472 2315 funebris
493 2257 610 2313 uomina
630 2256 778 2314 hominum
799 2255 956 2314 otiosorum
976 2271 1095 2312 acumen
1110 2256 1276 2334 ambiguam
1290 2257 1462 2334 excogitavit

342 2366 590 2426 vaticinationem.

880 2468 929 2526 16.

407 2602 504 2661 Verba
514 2596 569 2667 τὴν
582 2595 799 2686 εὐρυγάστορα,
815 2621 888 2677 quae
904 2621 940 2659 ex
951 2603 1066 2660 oraculo
1078 2602 1175 2678 aliquo
1187 2602 1358 2674 afferuntur,
1374 2603 1461 2662 hexa-

342 2723 467 2772 metrum
487 2722 636 2789 respuunt.
666 2713 757 2789 Hyllo
776 2713 942 2789 Apollinem
962 2714 1101 2788 Pythium
1126 2714 1320 2788 Apollodorus
1342 2715 1370 2773 2.
1393 2718 1420 2775 8.
1444 2718 1461 2774 7

343 2825 380 2882 de
400 2822 620 2882 Heraclidamm
642 2823 737 2880 reditu
756 2823 943 2881 vaticinatum
959 2841 1024 2882 esse
1044 2824 1147 2881 tradit:
1168 2820 1391 2906 περιμείναντας
1410 2820 1463 2882 τὸν

343 2931 444 3016 τρίτον
459 2927 573 3015 καρπὸν
588 2926 792 3015 κατέρχεσθαι.
815 2931 980 2992 Obsccutos
996 2934 1169 2992 Heraclidas
1186 2935 1271 2991 tertio
1291 2955 1368 2994 anno
1388 2937 1463 2994 redi-

344 3053 407 3102 tum
440 3062 575 3120 parasse3
609 3044 661 3101 sed
685 3043 761 3100 victo
793 3044 945 3119 occisoque
965 3045 1167 3103 Aristomacho
1199 3065 1216 3102 a
1241 3046 1463 3122 Peloponnesiis

344 3173 434 3229 quum
461 3154 609 3233 Temenus
641 3154 746 3210 iterum
779 3154 864 3211 deum
898 3156 1093 3213 consuluisset
1123 3155 1257 3231 idemque
1289 3176 1461 3233 responsum

345 3265 476 3333 tulisset,
490 3264 655 3340 Apollinem
672 3263 805 3321 fallaciae
819 3272 985 3322 accusatum
1001 3284 1019 3321 a
1033 3265 1178 3334 Temeno,
1194 3265 1305 3323 dixisse
1319 3269 1379 3322 τῶν
1391 3264 1464 3324 ἀτυ-

344 3367 492 3455 χημάτων
512 3368 620 3443 αὐτοὺς
642 3369 751 3441 αἰτίους
771 3364 859 3429 εἶναι·
879 3369 949 3442 τοὺς
969 3368 1026 3457 γάρ
1046 3369 1194 3456 χρησμοὺς
1214 3371 1248 3430 οὐ
1268 3369 1463 3457 συμβάλλειν·

345 3476 445 3567 λέγειν
459 3478 517 3567 γάρ
533 3481 567 3539 οὐ
582 3487 651 3566 γῆς,
672 3477 752 3540 ἀλλά
772 3486 875 3566 γενεᾶς
896 3479 1010 3565 καρπὸν
1024 3479 1137 3565 τρίτον,
1157 3479 1209 3540 καὶ
1227 3478 1389 3568 στενυγρὰν
1409 3479 1463 3551 τίν

346 3588 565 3676 εὐρυγάστορα,
590 3577 689 3661 δεξιάν
709 3587 791 3649 κατὰ
809 3587 862 3649 τὸν
883 3584 996 3677 Ἰσθμὸν
1017 3593 1114 3673 ἔχοντι
1133 3588 1189 3658 τὴν
1210 3586 1370 3651 θάλασσαν.
1400 3595 1465 3653 Ηοο

345 3704 488 3779 Tryphon
503 3703 631 3779 respexit
646 3703 681 3759 de
696 3703 786 3779 tropis
802 3703 832 3759 in
847 3703 934 3759 rhett.
949 3702 1001 3762 Gr.
1018 3706 1035 3761 8
1055 3723 1084 3780 p.
1099 3705 1159 3763 738
1173 3705 1280 3774 Wala,
1301 3705 1350 3762 ubi
1365 3723 1464 3762 vocem

347 3804 537 3894 εὐρυγάστωρ
563 3833 615 3888 pro
641 3813 714 3869 mari
739 3813 846 3870 dictam
873 3831 938 3871 esse
964 3822 1177 3873 commemorat.
1216 3814 1382 3890 Hesychius
1410 3808 1462 3893 (cf.

347 3915 474 3999 Schow.)
496 3913 682 4005 ἐρυγάστωρ,
704 3915 953 4006 μεγαλογάστωρ.
987 3922 1073 3997 Quod
1093 3944 1150 3982 uon
1172 3925 1271 3984 dubito
1291 3925 1362 3999 quin
1384 3922 1464 4008 εὐρυ-

345 4025 469 4115 γάστωρ
485 4032 671 4089 scribendum
692 4032 739 4091 sit.
771 4031 931 4090 Oraculum
946 4031 983 4091 Ο.
1000 4034 1123 4091 Mueller
1143 4035 1178 4092 de
1193 4034 1265 4092 Dor.
1282 4056 1310 4111 p.
1328 4035 1366 4092 57
1383 4037 1428 4093 ed.
1447 4040 1460 4093 l

346 4161 384 4199 ex
404 4141 553 4219 tragoedia
572 4143 670 4219 aliqua
689 4145 725 4201 ab
741 4143 917 4218 Apollodoro
937 4144 1092 4219 repetitum
1108 4144 1193 4202 etita
1211 4144 1271 4202 fere
1286 4146 1464 4221 processisse

344 4252 519 4311 arbitratur:

550 4348 631 4424 γενεὰς
650 4350 709 4425 γάρ,
729 4353 757 4405 οὐ
777 4357 820 4423 γῆς
839 4353 934 4426 καρπὸν
952 4353 1044 4416 ἐξεῖπον
1063 4355 1152 4428 τρίτον,

552 4438 592 4489 καί
609 4437 652 4504 τὴν
670 4430 801 4509 στενυγρὴν
820 4434 849 4489 αὐ
868 4440 910 4490 τὸν
928 4438 1095 4511 εὐρυγάστορα

551 4550 585 4561 -
603 4520 692 4592 ἔχοντα
710 4520 772 4574 κατὰ
789 4523 831 4574 τὸν
849 4522 948 4590 Ἰσθμὸν
967 4522 1050 4584 δεξιάν.
