3592 5400
646 655 746 702 rurus
769 655 884 702 urrini
908 654 1028 701 vuusro.
1286 638 1325 700 15

349 845 487 925 stoteles,
509 795 547 910 “et
564 841 656 940 [quod
689 847 729 912 sit
760 844 879 942 verum]
903 850 985 935 petet
1008 869 1045 912 ex
1068 868 1119 925 ec,
1141 847 1222 932 quod
1246 868 1325 912 erem

350 986 537 1052 consecravit
560 987 603 1063 ei,
626 986 657 1050 in
681 1008 740 1070 quu
763 987 884 1074 scripsit
905 986 964 1051 its:

429 1190 519 1253 Aram
543 1187 724 1254 Aristoteles
747 1187 886 1253 fundavit
907 1186 985 1253 hunc
1007 1186 1144 1252 Platonis

420 1317 515 1419 [Viril
536 1349 624 1412 quom
648 1349 710 1392 non
732 1333 778 1393 est
802 1326 982 1392 conveniens
1006 1325 1091 1391 malis
1114 1325 1254 1391 laudere'

397 1539 488 1642 Forte
518 1546 617 1607 autern
647 1565 708 1607 non
731 1541 767 1607 od
791 1565 837 1620 ea,
860 1564 937 1628 quae
959 1541 1113 1619 videntur,
1143 1510 1329 1629 oppugddtit

353 1654 525 1757 Platonem,
548 1679 601 1746 sed
624 1680 660 1746 od
685 1703 750 1759 eos,
774 1681 827 1767 qui
849 1682 916 1769 ipsu
937 1681 1014 1746 mole
1035 1680 1219 1769 intelligunt.
1242 1681 1329 1746 Sicut

353 1823 384 1884 et
418 1820 556 1905 genitum
589 1843 654 1884 esse
688 1819 820 1899 coelum,
850 1821 882 1885 in
913 1819 990 1886 libro
1020 1820 1073 1906 qui
1103 1826 1149 1886 est
1179 1821 1216 1885 de
1239 1820 1330 1886 coelo.

336 1928 486 2053 [Quidam
521 1959 600 2024 enim
632 1959 797 2025 secundum
827 1964 947 2047 tempus
976 1960 1074 2047 ipsum
1103 1959 1329 2038 intellexerunt,

355 2097 406 2163 sed
438 2119 500 2162 non
529 2097 694 2163 secundum
717 2120 836 2164 causam
860 2121 932 2164 esse.
955 2099 1043 2164 Ideus
1067 2099 1156 2197 etiem
1178 2099 1212 2163 in
1235 2096 1330 2164 Meto·

355 2219 494 2344 physica}
506 2235 640 2308 Quidam
659 2237 738 2302 enim
755 2243 839 2304 extre
857 2236 1044 2304 intellectum
1063 2194 1331 2327 ibdd'dposuerunQ

355 2380 386 2441 et
412 2376 463 2440 olii
487 2377 605 2464 proprio
628 2376 781 2442 sensibilia
804 2376 941 2443 arbitrati
965 2384 1037 2444 sunt
1059 2378 1154 2465 ipsus,
1177 2384 1212 2444 ut
1234 2377 1331 2444 homi·

354 2540 422 2582 nem
436 2515 642 2606 [indrrortslem
666 2523 695 2583 et
718 2539 836 2604 equum.
859 2517 951 2590 Quod
976 2518 1056 2583 enim
1078 2541 1138 2583 non
1163 2518 1228 2585 vult
1251 2518 1331 2607 ipsas

355 2658 479 2725 omuino
506 2680 567 2724 non
594 2681 671 2737 esse,
702 2658 886 2725 demonstret
915 2658 949 2724 in
972 2658 1190 2755 Metaphysicis
1213 2659 1330 2726 diceus:

358 2798 508 2887 duplicem
527 2822 591 2865 esse
613 2798 762 2879 ordinem,
786 2798 866 2865 hunc
889 2745 1159 2895 quidetbilibollupe
1175 2822 1332 2891 esseexer·

358 2911 452 3019 citus,
475 2939 556 3006 huno
579 2947 676 3007 autem
701 2942 733 3006 in
755 2940 903 3019 exercitu,
925 2947 956 3007 et
978 2940 1104 3006 alterum
1126 2963 1191 3006 esse
1212 2963 1330 3007 causum

245 3093 248 3098 ’
358 3082 489 3148 ulterius.
516 3081 556 3148 Et
579 3083 611 3146 in
633 3081 711 3147 libro
734 3073 909 3181 deponimu]
928 3046 1113 3147 intellectdm
1142 3081 1195 3165 qui
1217 3086 1263 3145 est
1286 3103 1332 3146 se·

359 3221 492 3287 cundum
519 3222 648 3287 animam
670 3244 734 3287 esse
756 3245 810 3287 res.
839 3221 974 3288 Multum
1001 3187 1128 3306 udmlsde
1154 3215 1332 3287 Aristoteles

359 3361 529 3428 moderatus
557 3363 617 3428 duit
649 3362 795 3428 moribus:
829 3361 911 3427 undo
941 3362 974 3427 in
1003 3360 1248 3449 praedicamentis
1275 3361 1333 3436 sit,

358 3502 419 3565 non
442 3507 559 3589 oportet
582 3506 696 3589 promte
716 3501 855 3578 definire,
877 3500 1068 3585 sed-quidem
1088 3500 1243 3565 multoties
1262 3521 1332 3565 oon·
1450 3539 1454 3548 ·

360 3605 505 3715 sideriis,
534 3647 564 3707 et
594 3639 731 3706 dubitare
762 3640 798 3705 de
828 3640 957 3727 singulis
988 3662 1049 3705 non
1072 3662 1135 3705 esse
1156 3639 1280 3719 inutile;
1304 3644 1333 3703 et

359 3781 392 3845 in
422 3782 460 3846 iis
483 3803 558 3866 quae
585 3781 622 3846 de
643 3781 744 3846 Bono:
768 3785 885 3868 oportet
908 3780 1060 3846 reminisci
1083 3779 1234 3844 hominem
1256 3779 1333 3843 exsi-

361 3925 487 3985 stentem
510 3941 572 3984 non
592 3920 688 3985 solurn
708 3919 781 3984 bene
796 3921 982 3984 fortunatum
1003 3866 1333 4028 sedgllemonstruntem.

361 4059 401 4125 Et
423 4060 455 4123 in
481 4058 602 4124 Ethicis
627 4058 849 4123 Nicomachiis:
878 4059 992 4124 amicus
1018 4058 1139 4143 quidem
1159 4058 1218 4136 vir,
1240 4058 1334 4122 amico

360 4203 458 4263 autem
490 4199 606 4263 veritas.
636 4197 794 4263 Ambobus
824 4221 891 4263 uero
911 4197 1030 4262 entibus
1053 4197 1172 4274 amicis,
1196 4202 1332 4262 sunctum

354 4338 418 4439 [est]
440 4336 654 4424 praehonorare
687 4338 850 4403 veritatem.
884 4336 926 4402 Et
960 4338 992 4401 in
1030 4336 1188 4463 Mffedris:
1225 4334 1332 4400 horum
1409 4421 1416 4438 .

360 4476 479 4562 quidem
513 4476 656 4562 quaedem
691 4475 878 4556 dubitamus,
912 4433 1265 4590 quaedsmzxdttingimus
1289 4497 1331 4563 se·
