3592 5400
764 509 857 550 uana
875 510 897 550 1.
1335 483 1395 549 123

272 648 306 724 δὲ
320 660 359 723 τὰ
375 658 429 747 μὶν
444 647 612 748 θυμοειδές,
627 657 664 722 τὸ
680 646 714 721 δὲ
727 654 955 744 ἐπιθυμητικόν·
976 652 1045 720 ὅθεν
1059 654 1111 720 καὶ
1124 655 1196 744 πρὸς
1209 653 1251 719 τὰ
1264 653 1394 744 ἐρωτικαὶ
1419 671 1434 711 ι

271 775 423 835 καλεῖται

342 879 428 931 Ταῦτα
439 878 486 930 οὐκ
497 875 556 947 ἐμά,
575 877 649 948 μήτοι
660 876 773 947 νομίσῃς,
790 880 835 928 τοῦ
847 875 875 928 ol
886 874 1061 945 προειρημένου
1074 873 1236 944 συγγραφέως
1248 872 1355 940 αὀιηκοσς
1369 914 1374 926 .
1386 913 1392 926 .

272 973 410 1043 (Sequitur
422 972 550 1042 particula
562 971 690 1041 epistulae
702 971 913 1038 adAnebonem)
928 969 988 1022 192:
1001 966 1043 1020 Ἐν
1057 967 1083 1020 δὲ
1095 973 1124 1038 τῇ
1137 967 1300 1038 προλεχθείαη
1313 986 1394 1038 πραγ-

271 1066 362 1137 ματεία
373 1069 415 1132 τῆς
427 1063 455 1116 ia
465 1064 559 1134 λογίων
573 1064 719 1134 φιλοσοφίας
731 1063 876 1134 προστίθησι
888 1065 939 1122 τοῖς
952 1060 1084 1133 εἰρημένοις
1096 1061 1177 1132 λέγων
1190 1053 1252 1113 ὧδε·

337 1161 401 1225 Καὶ
419 1160 478 1250 μὴν
493 1160 554 1224 ὅτι
574 1159 693 1240 ἑκάστῳ
713 1157 923 1236 ἐπιτέτακται,
939 1157 1041 1221 αὐτοὶ1
1058 1147 1278 1235 δεδηλώκασιν,
1294 1157 1393 1244 ὥσπερ

271 1277 287 1336 ὁ
303 1262 470 1360 Διδυμαῖος
486 1260 536 1334 διαὶ
550 1269 681 1334 τούτων·
700 1311 736 1325 -
753 1263 790 1341 ἦν
806 1258 861 1341 d’ri
875 1277 991 1346 πεῦσις,
1007 1274 1033 1331 εἰ
1045 1258 1094 1332 δεῖ
1102 1267 1211 1357 ὀμόσαι
1221 1276 1266 1350 τῷ
1278 1272 1393 1358 ἐπαγα-

270 1380 377 1474 poerit
390 1382 445 1445 τὸν
459 1381 547 1469 ὅρκον
565 1421 601 1431 -

401 1490 518 1580 Μητέρι
534 1490 587 1580 μὲν
602 1489 744 1580 μακάρων
759 1489 903 1580 μέλεται3
918 1478 1054 1561 Tra-uvidi
1069 1485 1167 1574 Ῥείη4
1419 1509 1432 1546 a

303 1609 346 1668 40
429 1600 569 1666 W*
656 1599 798 1638 '⁶'
948 1597 1196 1663 “θ”λ“λ·

349 1653 369 1689 ,Ι
401 1626 439 1666 αυ
461 1624 488 1665 οι
520 1625 572 1666 και
585 1625 727 1665 τυπανων
758 1623 892 1693 παταγοι
908 1624 959 1664 και
991 1624 1065 1675 ηυς
1080 1622 1131 1689 ομι
1152 1622 1183 1674 ος

270 1822 420 1874 consentire
436 1821 546 1891 putabat
563 1838 624 1873 cum
640 1821 702 1873 deae
721 1822 827 1891 imperio
844 1821 894 1872 tria
911 1820 1040 1871 elementa
1057 1819 1259 1888 complectente;
1277 1820 1392 1873 animam

271 1906 428 1970 humanam,
441 1923 522 1975 quum
534 1907 619 1960 eidem
631 1908 748 1960 subiecta
760 1912 842 1970 esset,
859 1922 875 1958 a
886 1905 992 1957 domina
1004 1905 1111 1956 duxisse
1123 1909 1244 1956 naturam
1256 1905 1392 1974 triplicem,

270 1992 286 2044 i.
296 2008 320 2044 ο.
338 1990 368 2042 τ“ο
381 1993 506 2059 νοητιαόν,
524 1991 553 2043 ι“ο
572 1991 686 2059 θυμικόν,
704 1991 733 2042 το
746 1989 927 2059 ἐπιθυμητικόν.
955 1989 995 2042 Ita
1013 1990 1103 2041 omnia
1120 1989 1170 2041 sibi
1188 1993 1322 2052 constant3
1338 2007 1392 2042 non
1475 2058 1478 2066 ¹

271 2082 435 2140 constarent,
453 2077 475 2128 si
492 2093 527 2129 ex
543 2078 646 2130 animae
662 2082 757 2148 natura
772 2077 836 2129 deae
852 2075 964 2127 formam
977 2075 1080 2127 ductam
1093 2091 1151 2126 esse
1163 2073 1267 2127 diceret.
1281 2105 1313 2113 -
1326 2073 1393 2136 Quia

271 2163 389 2214 animam
401 2162 447 2213 illa
459 2160 508 2214 dea
519 2167 606 2230 regat,
619 2163 721 2214 animae
735 2165 823 2213 autern
834 2177 895 2230 pars
908 2160 1038 2229 appetitus
1050 2160 1085 2212 sit
1097 2164 1123 2210 et
1131 2157 1237 2229 cupido,
1250 2158 1308 2211 ideo
1320 2176 1392 2213 amo·

270 2247 306 2299 ris
319 2262 400 2298 causa
412 2263 471 2298 eam
481 2246 599 2299 invocari
615 2247 653 2298 ait
663 2245 841 2316 philosophus.
864 2244 949 2308 Quam
966 2262 1021 2297 rem
1033 2245 1149 2314 plerique
1165 2261 1218 2296 non
1237 2260 1271 2296 ex
1288 2246 1392 2299 animae

269 2331 463 2395 moderatione,
479 2331 526 2383 sed
544 2348 578 2383 ex
596 2333 672 2384 lunae
690 2332 799 2401 imperio
817 2332 983 2400 repetebant,
1006 2332 1077 2384 velut
1092 2330 1161 2384 Plut.
1180 2329 1211 2381 de
1228 2328 1264 2382 lsi
1281 2347 1338 2400 cap.
1355 2331 1389 2385 52

269 2434 295 2485 p.
307 2416 358 2468 372
370 2414 399 2467 d:
417 2415 458 2467 aul
470 2415 531 2486 προς
543 2415 574 2469 τὰ
585 2415 689 2486 ἐρωτικὰ
701 2415 744 2481 τὴν
762 2414 864 2481 σελήνην
881 2414 1062 2467 ἐπικαλοῦνται.
1085 2414 1139 2468 loh.
1151 2414 1240 2483 Lydus
1257 2416 1288 2468 de
1306 2433 1390 2472 mena.

269 2501 294 2553 3.
306 2501 332 2553 8.
346 2500 392 2553 24:
410 2500 450 2552 aul
467 2500 516 2571 γὰρ
532 2499 595 2571 ὑγρὰ
611 2500 654 2567 τὴν
671 2500 742 2568 φύσιν
758 2499 888 2568 ἡσεληνη,
907 2498 961 2551 ὅθεν
974 2500 1014 2550 καλ
1027 2498 1051 2550 αἱ
1067 2499 1121 2567 περὶ
1133 2496 1232 2569 ἐρώτων
1244 2505 1392 2570 μαγγανεῖαι

270 2585 333 2654 προς
346 2584 422 2650 αὐτὴν
434 2584 550 2654 γίνονται
568 2585 726 2655 Porphyrius
743 2587 800 2655 ipse
817 2590 909 2655 postea
925 2585 957 2636 ad
975 2586 1064 2637 lunam
1075 2585 1188 2636 Hecatae
1204 2590 1325 2638 naturam
1340 2592 1392 2638 ret-

269 2672 338 2724 tulit.
356 2671 431 2723 Dixit
441 2671 512 2724 enim
524 2672 552 2725 in
564 2671 782 2725 commentatione
794 2671 826 2723 de
838 2670 985 2723 simulacris
997 2685 1085 2741 praep.
1099 2686 1140 2723 ev.
1152 2668 1176 2721 3.
1190 2669 1228 2722 ll.
1240 2668 1286 2722 32:
1299 2668 1390 2737 Ἐκὰιη

270 2756 297 2809 δὲ
313 2755 329 2822 ἡ
346 2754 436 2821 σελήνη
454 2754 540 2822 πάλιν,
557 2756 702 2826 (σύμβολον)
722 2759 763 2822 τῆς
781 2756 835 2826 περὶ
852 2754 927 2823 αὐτὴν
945 2754 1180 2825 μετασχηματίσεως
1198 2755 1238 2805 καὶ
1255 2756 1318 2809 κατὰ
1333 2756 1390 2817 τοὺς

269 2840 460 2911 σχηματισμοὺς
476 2839 614 2911 δυνάμεως·
637 2842 675 2893 διο
693 2840 855 2911 τρίμορροςὴ
871 2841 972 2910 δύναμις
989 2881 1016 2892 ..
1044 2839 1130 2903 Quum
1146 2840 1226 2909 igitur
1242 2846 1320 2893 antea
1337 2859 1390 2895 non

269 2927 428 2989 dubitasset,
445 2927 509 2996 quin
520 2931 624 2979 extaret
635 2927 684 2979 dea
696 2932 722 2979 et
733 2926 828 2979 tradita
844 2927 932 2996 specie
948 2931 1017 2979 esset
1033 2926 1136 2990 induta,
1152 2931 1246 2995 postea
1263 2943 1321 2979 eam
1337 2944 1391 2981 non

268 3029 358 3065 rerum
375 3012 505 3082 reginam,
528 3011 574 3064 sed
592 3028 679 3064 rerum
695 3012 803 3081 signum
821 3029 879 3065 esse
897 3013 1032 3077 censebat,
1054 3013 1140 3065 soluto
1158 3013 1277 3077 numine,
1300 3014 1391 3066 relicta

268 3098 395 3166 imagine.

340 3183 348 3215 ¹
370 3181 440 3232 αὐτοί
445 3221 452 3245 ,
464 3182 480 3233 i.
490 3198 513 3237 e.
526 3182 575 3245 dii,
588 3181 680 3251 scripsi
692 3199 738 3251 pro
750 3184 823 3251 vulg.
836 3183 877 3233 acl
888 3181 911 3233 ti
923 3182 964 3233 acl
976 3182 1020 3232 τίνι
1030 3181 1125 3250 αὐτῶν,
1138 3200 1185 3252 pro
1197 3184 1292 3252 quibus
1303 3185 1389 3237 verbis

267 3266 339 3320 Anv
351 3265 393 3318 aul
404 3266 458 3318 τίνα
470 3266 547 3336 αὐτῷ.
572 3266 679 3321 Videtur
696 3268 736 3318 aul
748 3268 802 3318 τίνα
814 3268 903 3335 glossa
915 3267 996 3319 fuisse
1013 3267 1047 3318 ad
1064 3265 1077 3318 6
1091 3285 1125 3334 τι,
1143 3272 1173 3319 ut
1189 3283 1267 3336 saepe
1285 3269 1389 3336 glossae

267 3352 397 3422 particula
410 3351 451 3402 καί
462 3356 643 3405 annectuntur.

338 3436 413 3499 ’Qui
423 3437 605 3489 iusiurandum
617 3438 744 3506 exegerit.
768 3436 844 3490 Paua.
859 3436 883 3489 4.
901 3435 968 3489 {aa
986 3434 1069 3496 αὐτοῖς
1087 3432 1218 3504 ἐπάγουσιν
1236 3434 1309 3503 ὅρκον
1328 3436 1389 3505 μήτε

268 3519 406 3586 ἀποστῆναι
418 3560 424 3572 .
436 3561 442 3572 .
454 3522 483 3574 F.
496 3520 625 3591 ἐπαγόντι,
639 3523 685 3576 ΑΗ
697 3519 819 3591 ἐπάγοντι.

338 3606 350 3639 ³
367 3606 446 3658 Putes
458 3607 624 3659 scribendum
637 3624 695 3659 esse
707 3605 819 3675 μελέταιε
833 3605 897 3657 haec
910 3622 1000 3657 eorum
1011 3605 1182 3669 studiasunt,
1194 3604 1308 3671 haeres,
1322 3623 1389 3675 quae

268 3692 407 3745 delectent.
425 3692 460 3743 At
472 3708 553 3760 quum
565 3692 694 3745 Eusebius
709 3693 748 3744 bis
760 3693 787 3744 in
799 3691 965 3743 enarratione
976 3691 1056 3743 verbo
1069 3689 1170 3759 μέλεται
1181 3695 1281 3754 utatur,
1299 3696 1389 3743 tenen·

268 3776 318 3828 dus
330 3781 372 3828 est
382 3777 524 3845 singularis
537 3777 696 3829 collectivus.
710 3776 751 3828 lta
762 3776 884 3829 Cratinus
896 3777 962 3828 alter
973 3792 1014 3844 ap.
1024 3774 1117 3828 Athen.
1130 3774 1160 3828 15
1171 3793 1197 3844 p.
1208 3775 1257 3827 669
1268 3776 1296 3827 b:
1310 3772 1389 3846 μάχαι

269 3861 291 3912 δ’
306 3857 405 3912 ἄλλοισι
421 3861 462 3912 καλ
477 3862 549 3912 πόνοι
566 3861 646 3930 μέλοι.
673 3861 751 3913 Plura
767 3863 889 3930 exempla
904 3860 997 3913 Matth.
1014 3876 1054 3929 gr.
1073 3860 1117 3913 Gr.
1135 3863 1158 3927 ξ.
1172 3859 1231 3915 303.
1248 3862 1271 3915 l.
1290 3861 1387 3917 Osann.

267 3945 349 3999 Beitr.
362 3962 414 4000 aur
432 3944 476 3998 Gr.
492 3963 519 4001 u.
536 3946 627 3999 Roem.
643 3944 811 3999 Lit.·Gesch.
823 3946 836 3998 I
850 3962 876 4014 p.
890 3945 938 3998 126
950 3963 1008 4015 sqq.
1030 3944 1218 3998 Schneidewin.
1236 3946 1269 3998 ad
1285 3947 1389 3999 Orionis

266 4029 509 4100 Anthologognom
527 4048 553 4100 p.
569 4031 602 4083 92
620 4031 793 4083 contulerunt.
824 4030 940 4083 Pertinet
957 4030 1058 4100 μέλεται
1075 4031 1108 4083 ad
1125 4030 1303 4097 substantiva,
1321 4049 1388 4101 quae
1468 4056 1474 4068 .

267 4121 427 4185 sequuntur,
440 4117 537 4168 omnia
1033 4184 1037 4190 Ι

337 4200 348 4233 ⁴
367 4198 390 4249 rl
399 4198 442 4265 τὴν
453 4200 484 4251 ιδι
493 4199 557 4270 ῥείην
567 4201 621 4265 ΑΗ,
631 4200 735 4266 πιτηνίδι
745 4200 777 4265 Ο,
794 4205 851 4253 tum
861 4199 911 4270 ῥεῖν
921 4200 976 4267 ΟΒ,
995 4195 1042 4271 ρεῖν
1056 4201 1093 4266 G,
1108 4200 1146 4271 ῥῖν
1155 4201 1188 4265 F,
1204 4200 1254 4269 ῥέοι
1263 4201 1296 4264 ll,
1311 4196 1387 4269 ῥεινὰς

266 4286 299 4339 Ι).
310 4285 451 4350 Titania,ut
461 4302 535 4337 soror
547 4286 670 4338 Titanum
682 4285 756 4348 Coei,
769 4286 834 4353 Grii,
846 4286 1015 4362 Hyperionis,
1027 4286 1121 4356 Iapeti,
1135 4286 1234 4348 Theae,
1246 4283 1386 4349 Themidis,

266 4370 468 4439 Mnemosynae.
486 4369 590 4421 Hesiod.
603 4370 691 4438 theog.
706 4369 762 4424 134.
780 4371 898 4440 Apollod.
914 4373 936 4424 l.
951 4372 972 4423 l.
986 4371 1009 4423 3.

337 4454 349 4487 ⁵
368 4453 438 4505 αὐτοί
450 4472 478 4523 γε
489 4454 536 4507 ΑΗ
547 4471 594 4523 pro
608 4453 687 4505 αὐλοί.

337 4538 348 4572 ⁶
368 4537 447 4593 Codd.
464 4536 605 4612 τυμπάνων.
637 4538 733 4592 Forma
749 4540 856 4592 τύπανον
872 4540 950 4595 Hom.
972 4556 1036 4595 usus
1059 4544 1100 4592 cst
1116 4538 1208 4610 hymni
1226 4538 1255 4591 in
1274 4543 1386 4594 matrem
