3592 5400
342 516 382 581 74
618 537 713 579 osrur
729 538 757 580 v.
781 537 822 579 ns.
838 537 1042 580 onacunonuu
1057 539 1178 582 urrais.

341 698 435 748 natur.
458 691 603 749 Zenobius
619 710 699 766 prov.
713 691 741 750 5.
756 693 810 751 80:
827 683 911 748 Φασὶ
924 686 993 760 τοὺς
1008 684 1125 774 Κᾶρας,
1146 684 1388 774 πολεμουμένους
1403 687 1456 750 ὑπὸ

341 795 465 883 Δαρείου
480 804 535 859 τοῦ
544 793 661 884 Πέρσου
677 785 740 886 (τοῦ
750 792 920 859 Ὑστάσπου
935 802 1025 861 schol.
1040 804 1057 860 3
1071 794 1458 879 odAristoph.Plut.1002)

341 903 421 968 κατά
435 929 503 969 τινα
517 906 651 969 παλαιάν
666 906 808 995 μαντείαν
829 905 981 994 εἰρημένην
1003 910 1117 984 αὐτοῖς,
1138 906 1207 980 τοὺς
1227 904 1461 994 ἀλκιμωτάτους

340 1012 519 1103 προσθέσθαι
541 1014 730 1104 συμμάχους,
753 1014 851 1079 ἐλθεῖν
874 1022 914 1091 εἰς
935 1006 1104 1105 Βραγχίδας
1128 1014 1292 1099 (oraculum
1313 1024 1460 1100 Apollinis

339 1130 496 1207 Didymaei
511 1124 680 1209 Milesium),
696 1126 747 1188 καὶ
761 1126 814 1188 τὰν
829 1130 893 1188 ἐκεῖ
904 1124 971 1188 θεον
983 1130 1141 1213 ἐρωτῆσαι,
1154 1130 1179 1188 εἰ
1190 1124 1358 1202 Μιλησίους
1372 1128 1461 1216 πρόσ-

341 1232 439 1298 θοιντο
456 1233 641 1323 συμμάχους.
663 1235 717 1298 τὸν
733 1225 766 1298 hi
781 1233 1008 1323 ἀποκρίνασθαι·

608 1344 704 1408 πάλαι
719 1344 786 1408 πότ’
800 1339 876 1415 ἦσαν
892 1343 1014 1434 ἄλκιμοι
1030 1343 1181 1415 Μιλήσιοι.

340 1449 441 1528 Οὗτος
459 1444 523 1530 hio
539 1456 637 1542 στίχος
653 1459 767 1543 εἴρηται
781 1455 818 1517 τὸ
834 1455 977 1543 πρότερον
992 1456 1073 1543 παρά
1085 1452 1327 1542 Ἀνακρέοντι.
1350 1464 1461 1521 Eadem

340 1571 400 1628 fere
416 1571 574 1629 scholiasta
584 1571 790 1647 Aristophanis
803 1579 1058 1641 commemoratum
1075 1571 1184 1628 similia
1194 1570 1345 1630 Diodorus
1356 1574 1388 1630 iu
1401 1591 1460 1632 cxc.

340 1681 406 1739 libr.
416 1681 518 1738 7-10
527 1680 593 1738 Vat.
607 1698 630 1739 c.
642 1681 695 1737 47:
709 1674 755 1736 ὅτι
763 1672 861 1761 Κᾶρες
873 1674 930 1737 ὑπὸ
939 1673 1063 1761 Περσῶν
1075 1673 1336 1763 καταπονούμενοι
1348 1677 1461 1765 ἐπηρώ-

340 1802 435 1856 τησαν
450 1785 515 1872 περὶ
530 1784 710 1873 συμμαχίας,
731 1789 756 1846 εἰ
770 1782 988 1871 προσλάβοιντο
1003 1780 1169 1858 Μιλησίους
1184 1783 1374 1873 συμμάχους·
1397 1791 1413 1849 ὁ
1429 1777 1461 1850 δὲ

341 1898 471 1961 ἀνεῖλεν·
482 1891 577 1957 πάλαι
588 1891 655 1958 πότ’
666 1886 693 1963 ἦ.
706 1891 733 1958 ἄ.
745 1891 787 1955 Μ.
810 1899 913 1975 Neque
925 1906 1022 1956 tamen
1035 1892 1190 1957 constabat
1201 1900 1236 1956 de
1248 1901 1367 1959 oraculo
1374 1922 1383 1972 ς
1395 1922 1461 1960 nam

341 1994 389 2086 qui
398 2010 529 2068 Milesios
542 2009 649 2067 auxilio
658 2027 760 2067 vocare
772 2009 900 2068 animum
912 2009 1086 2079 induxerint,
1094 2003 1171 2077 τινές
1182 2010 1318 2068 dicuntur
1328 2031 1347 2069 a
1359 2021 1461 2088 quarto

341 2122 431 2180 schol.
444 2122 480 2178 ad
492 2121 583 2178 Arist.
595 2121 673 2178 Plut.
686 2121 765 2178 1002
772 2162 781 2190 ,
804 2117 893 2177 Cares
910 2119 942 2176 in
953 2120 1156 2177 Ambraciotas
1168 2120 1275 2177 bollum
1288 2130 1430 2197 parantes
1445 2143 1462 2180 a

340 2225 490 2290 Demonc¹
501 2230 760 2306 paroemiographo
773 2223 832 2306 (qui
840 2230 1016 2287 Philochoro
1028 2237 1090 2286 erat
1101 2222 1258 2308 antiquior)
1269 2232 1348 2306 opud
1361 2250 1462 2291 secun-

341 2342 408 2399 dum
424 2341 573 2415 Aristoph.
597 2339 798 2409 scholiastam‚
820 2341 857 2397 ah
879 2339 946 2396 aliis
964 2337 1063 2415 Cyprii
1087 2331 1194 2416 (schol.
1211 2339 1364 2416 Aristoph.
1382 2342 1460 2401 Plut.

345 2442 451 2528 1075),
475 2451 511 2507 ab
533 2449 600 2508 aliis
622 2449 792 2525 Polycrates
817 2446 933 2507 Samius
955 2442 1063 2526 (schol.
1083 2449 1176 2527 primo
1196 2453 1233 2507 A.
1249 2450 1329 2510 Plut.
1353 2446 1459 2530 1002).

340 2561 444 2638 Neque
459 2561 607 2620 oraculum
622 2560 677 2630 ait,
698 2561 749 2617 sed
763 2559 948 2636 proverbium
963 2558 1055 2617 fuisse
1075 2560 1204 2635 locuples
1219 2560 1351 2636 profecto
1367 2563 1460 2632 testis,

341 2671 513 2730 Aristotcles
526 2671 562 2728 de
570 2670 751 2730 Milesiorum
763 2670 912 2748 republica
924 2663 970 2749 (fr.
984 2671 1045 2728 200
1057 2669 1087 2726 in
1096 2662 1230 2727 Muelleri
1241 2669 1276 2729 fr.
1290 2670 1361 2731 hist.
1373 2672 1424 2733 Gr.
1433 2673 1463 2731 Π

340 2802 368 2857 p.
386 2777 455 2859 105)
470 2782 546 2857 apud
558 2783 739 2839 Athenaeum
753 2782 800 2839 12.
815 2781 854 2838 26
870 2800 899 2856 p.
914 2780 973 2841 523
988 2781 1009 2837 f.
1022 2780 1196 2856 exscriptum
1209 2781 1294 2839 illum
1305 2785 1343 2842 ab
1356 2785 1462 2842 Eusta-

341 2892 401 2948 thio
417 2892 453 2947 ad
469 2891 556 2949 Hom.
572 2892 607 2949 Il.
626 2892 673 2949 12.
688 2893 758 2949 444.
789 2891 957 2949 Athenaeus
972 2898 1126 2967 postquam
1137 2892 1250 2965 Ephori
1268 2893 1369 2951 verbis
1390 2894 1463 2950 anti-

341 3020 427 3076 quam
435 3000 614 3059 Milesiorum
626 3000 761 3058 virtutem
772 3001 953 3078 gloriamque
963 3001 1151 3077 praedicavit,
1163 3001 1273 3078 pergit:
1286 3000 1327 3070 ὡς
1340 2986 1365 3059 θ’
1373 2997 1463 3084 ὑπηχ-

235 3133 239 3139 ·
343 3102 435 3175 θησαν
449 3094 543 3196 juloss
562 3105 612 3166 καὶ
630 3115 741 3193 τρυφῇ,
767 3103 914 3193 κατερρύη
933 3105 970 3167 τὸ
990 3115 1045 3178 τῆς
1064 3104 1182 3185 πόλεως
1201 3094 1352 3191 ἀνδρεῖον,
1380 3108 1464 3195 φησὶν

341 3212 609 3303 Ἀριστοτέλης,
629 3215 680 3277 καὶ
697 3216 840 3303 παροιμία
858 3238 904 3289 τις
922 3212 1064 3304 ἐγεννήθη
1084 3212 1127 3277 ἐπ’
1147 3218 1260 3277 αὐτῶν·
1279 3213 1378 3279 πάλαι
1393 3241 1424 3279 π.
1437 3210 1463 3286 ἦ.

341 3322 421 3393 ἄΜ.
451 3332 608 3390 Proverbio
624 3332 680 3388 iam
692 3330 905 3407 Aristophanes
921 3332 1012 3387 utitur
1027 3349 1107 3405 vesp.
1123 3331 1218 3388 100οι
1241 3318 1265 3386 ὦ
1282 3324 1382 3389 πάλαι
1397 3325 1464 3390 πότ’

341 3435 423 3510 ὄντες
439 3440 525 3523 ἡμεῖς
541 3434 662 3524 ἄλκιμοι
683 3434 736 3524 μὲν
756 3438 787 3498 ἐν
801 3444 913 3522 χοροῖς,
934 3430 1057 3521 ἄλκιμοι
1078 3424 1135 3497 θ’ἐν
1150 3432 1275 3522 μάχαις,
1297 3442 1349 3500 ubi
1372 3442 1464 3501 schol.

340 3547 421 3634 παρά
435 3545 471 3608 τθ
486 3570 516 3608 π.
531 3570 560 3608 π.
576 3539 603 3616 ἧ
620 3543 646 3607 ἄ
663 3543 720 3624 M,
742 3558 771 3607 et
787 3551 867 3609 Pluti
882 3550 1016 3607 versibus
1031 3550 1110 3607 1002
1127 3566 1162 3605 ac
1179 3549 1273 3620 1075,
1295 3552 1348 3609 ubi
1368 3553 1464 3610 adole·

340 3680 425 3720 scens
445 3662 513 3718 anui
533 3680 660 3718 amorum
680 3661 744 3737 ipso
767 3660 819 3717 illo
841 3678 929 3717 versu
954 3666 1083 3730 recusat3
1110 3666 1170 3715 tum
1197 3665 1300 3717 auctor
1320 3662 1465 3736 epistulae

340 3772 494 3829 Aeschinis
514 3774 561 3829 11.
583 3773 620 3828 10
641 3755 709 3853 (τὴν
729 3754 761 3826 hi
783 3764 862 3851 ἰσχὺν
882 3761 979 3825 πάλαι
999 3762 1066 3825 πότ’
1082 3756 1246 3853 ἐσχηκέναι)
1268 3777 1299 3825 et
1320 3768 1465 3845 Synesius

343 3881 403 3939 228
416 3897 440 3936 c.
462 3887 491 3936 et
504 3880 538 3937 P.
553 3877 643 3954 Syrus
659 3884 784 3938 sentent.
799 3880 875 3937 777:
891 3878 1037 3954 quondam
1050 3878 1132 3935 fuere
1147 3878 1260 3935 strenui
1274 3878 1400 3938 Milesii.

406 3990 468 4045 Iam
487 3989 652 4046 evolvamus
666 3988 855 4046 Herodotum.
884 3989 915 4045 Is
937 3986 1148 4047 5.120Caros
1169 3995 1268 4044 narrat
1289 4008 1308 4045 a
1322 3988 1464 4059 Daurisa‚

342 4096 442 4166 Darii,
463 4096 624 4173 Hystaspis
640 4097 676 4167 1.,
697 4098 793 4173 legato
814 4099 931 4157 invasos
947 4106 977 4154 et
991 4117 1009 4155 a
1022 4096 1148 4155 Milesiis
1163 4095 1278 4156 adiutos
1295 4117 1374 4157 csse.
1404 4092 1466 4157 Πε-

344 4202 455 4265 σόντων
471 4190 504 4263 δὲ
517 4209 579 4262 τῶν
593 4199 713 4263 πάντων
728 4204 857 4278 πολλῶν,
873 4199 1016 4272 Μιλήσιοι
1032 4197 1165 4289 μάλιστα
1179 4203 1367 4290 ἐπλάγησαν.
1382 4210 1466 4268 Nihil

343 4318 394 4374 ille
409 4318 444 4375 de
460 4317 590 4386 oraculo,
612 4316 743 4389 quamvis
758 4315 884 4389 undique
900 4334 935 4372 ea
949 4317 1042 4374 soleat
1056 4315 1235 4389 conquirere.
1267 4317 1374 4375 Potius
1389 4319 1465 4375 anti·

661 4409 677 4443 Ι

412 4480 420 4511 ¹
444 4478 587 4530 Favorinus
600 4494 621 4530 s.
633 4494 657 4531 v.
670 4475 787 4541 Μιλήσιοι
798 4476 865 4529 falso
879 4473 978 4545 Δάμων,
997 4483 1026 4529 ut
1043 4477 1117 4531 codd.
1132 4474 1223 4530 scholl.
1236 4477 1373 4547 Aristoph.
1392 4496 1466 4549 praa·

344 4568 383 4616 ter
400 4562 540 4625 Venatum,
559 4562 604 4632 qui
621 4567 689 4613 recte
710 4560 808 4629 Δήμων.
