3592 5400
486 609 528 671 46
916 625 1024 671 sorar.

486 815 668 891 ἀποδείξεις
691 815 725 880 δὲ
747 823 854 881 ποιεῖν
877 815 935 881 οὐκ
954 818 1136 897 ήπίσταντο
1158 816 1258 883 ταύτὸ
1279 825 1459 904 πάσχοντες

487 962 555 1030 τοῖς
585 961 795 1038 σκυτοτομεῖν
818 957 878 1037 μὲν
902 960 944 1037 μή
970 955 1188 1038 δυναμένοις,
1213 955 1397 1039 ὑποδήμασι
1422 955 1457 1019 δὲ

488 1101 628 1179 χρῆσθαι
654 1093 878 1178 δυναμένοις).
903 1095 1014 1161 Eadem
1037 1095 1145 1161 iisdem
1165 1095 1262 1163 verbis
1281 1095 1370 1162 habet
1388 1118 1460 1162 auc·

486 1239 533 1298 tor
556 1233 642 1300 Vers.
665 1234 704 1300 V.
726 1233 762 1300 L.
785 1233 1074 1300 Pseudo-Ammonii
1099 1235 1166 1300 loco
1190 1235 1315 1312 ductus,
1337 1257 1459 1322 praepo·

486 1373 595 1438 sitione
617 1372 682 1435 a'rrt
705 1374 901 1460 transposita,
922 1374 1060 1439 lacunam
1083 1375 1116 1438 in
1138 1374 1220 1440 hunc
1241 1374 1364 1440 modum
1387 1397 1459 1462 sup·

486 1511 582 1598 plevi:
609 1509 771 1594 μεθόδους
802 1511 866 1575 οἰπό
897 1514 964 1576 τῶν
989 1517 1188 1597 πραγμάτων
1213 1511 1458 1598 διακρίναντος.

530 1750 607 1816 Ibid.
627 1752 696 1817 Irin.
719 1756 769 1817 18.
788 1752 825 1816 οὐ
846 1759 1038 1839 συγχωρήσω
1058 1754 1264 1838 Ἀθηναίοις
1284 1751 1334 1828 δίς
1352 1756 1461 1838 οἱμαρ-

486 1896 554 1954 τεῖν
588 1892 631 1965 εἷς
664 1889 874 1973 φιλοσοφίαν.
899 1891 997 1957 Addit
1019 1891 1293 1958 Pseudo-Ammon.
1317 1895 1372 1955 καί
1397 1895 1460 1978 γὰρ

484 2027 546 2112 ήδη
570 2029 627 2094 τὸν
650 2034 833 2115 Σωκράτην
857 2025 940 2111 ήσαν
966 2035 1183 2113 φονεύσαντες
1204 2032 1236 2095 οἱ
1255 2032 1458 2115 Ἀθηναῖοι.

528 2270 609 2336 Ibid.
638 2271 707 2336 Irin.
739 2275 791 2336 19.
825 2273 922 2336 Ἐπεὶ
954 2270 989 2335 δὲ
1022 2274 1062 2335 τὰ
1094 2277 1288 2352 καθήκοντα
1311 2267 1363 2354 ἦν.
1394 2273 1462 2338 MS.

485 2408 544 2474 sed
575 2409 608 2475 in
639 2411 757 2497 mugine
787 2411 828 2473 τοὶ
860 2409 945 2474 αὐτὰ
977 2416 1182 2492 καθήκοντα.
1215 2411 1398 2497 Ceteroquin
1426 2417 1462 2477 ut

486 2549 574 2616 verba
608 2573 639 2615 se
672 2549 737 2615 illic
770 2549 897 2627 habent,
931 2573 993 2616 non
1029 2550 1168 2616 videntur
1202 2573 1307 2616 sanum
1339 2550 1462 2616 reddere

485 2713 572 2778 posse
604 2712 741 2765 sensum;
775 2712 866 2777 qnare
894 2689 1070 2777 particulam
1102 2688 1160 2754 οὐκ
1172 2739 1182 2769 ,
1215 2713 1304 2777 quum
1327 2696 1396 2757 aute
1419 2684 1460 2771 ἦν

485 2829 633 2895 excidisse
663 2834 752 2917 puto,
783 2829 825 2895 ibi
856 2853 893 2894 ex
925 2831 1096 2916 conjectura
1126 2831 1260 2917 reposui:
1283 2835 1348 2896 tum
1372 2829 1460 2896 verba

486 2970 558 3053 περὶ
593 2972 652 3048 τήν
684 2970 750 3032 τῶν
783 2967 986 3051 Ἀθηναίων
1018 2965 1116 3032 πόλιν
1141 2970 1187 3036 vel
1210 2969 1244 3033 in
1267 2970 1301 3033 ἓν
1326 2977 1367 3053 τῇ
1390 2971 1458 3035 τῶν

485 3107 574 3169 Ἀθ.
597 3104 688 3171 πόλει
711 3107 922 3173 commutanda
941 3106 987 3173 vel
1004 3107 1125 3172 omnino
1137 3106 1260 3172 delenda
1271 3130 1335 3173 esse
1345 3129 1461 3173 censeo.

532 3347 610 3415 Ibid.
641 3348 709 3413 Lin.
742 3354 794 3414 25.
824 3348 891 3413 MS.
923 3341 1011 3414 habet
1035 3349 1155 3426 ἐκεῖσε,
1179 3370 1234 3435 pro
1253 3349 1330 3411 ἐκεῖ.
1355 3347 1459 3421 Quum

487 3488 625 3555 Graeculi
649 3488 687 3553 iis
709 3487 906 3575 temporibus,
930 3487 1040 3574 quibus
1064 3487 1136 3552 haec
1158 3488 1239 3553 fuere
1261 3488 1386 3575 scripta,
1410 3511 1459 3553 so·

488 3629 566 3694 leant
585 3628 731 3713 ejusmodi
751 3626 889 3694 adverbia
908 3626 1100 3714 permiscere,
1118 3626 1195 3692 illud
1210 3629 1311 3690 ἐκεῖσε
1324 3628 1460 3711 quamvis

488 3767 631 3833 vitiosum
651 3767 772 3832 retineri
790 3766 920 3854 placuit,
940 3768 1179 3833 terminationem
1200 3772 1316 3847 tamen,
1334 3772 1370 3833 ut
1389 3789 1460 3855 spu·

487 3909 563 3974 riam
586 3909 674 3973 uncis
692 3907 812 3972 inclusi.

532 4148 611 4215 Ibid.
634 4149 703 4214 Irin.
727 4153 779 4214 26.
802 4151 820 4229 ή
842 4147 975 4233 φέρεται
999 4153 1088 4233 παρά
1111 4173 1144 4213 τε
1169 4146 1383 4234 Ἀνδρονίκῳ
1403 4151 1458 4213 καὶ

488 4287 687 4371 Πτολεμαίῳ
713 4313 866 4370 μετα...
893 4288 1008 4353 πίνακ.
1035 4292 1099 4352 τῶν
1125 4286 1224 4352 αὐτοῦ
1249 4294 1460 4374 συγγραμμά-

491 4453 568 4494 των.
605 4429 655 4494 Ita
685 4427 750 4493 MS.
783 4428 934 4516 Diogenes
960 4428 1099 4495 Laertius
1129 4429 1162 4493 in
1192 4429 1254 4496 vita
1284 4427 1461 4517 Philosophi
