3592 5400
820 676 929 724 σοτοτ.
1321 663 1361 726 37

433 871 505 959 Pag.
530 875 560 935 6.
590 869 659 936 Lim
684 873 712 935 1.
742 871 760 932 0‘
789 867 1015 955 Αριστοτέλης
1049 870 1361 956 καταπεπληγμένος

391 1007 570 1074 Πλάτωνα.
614 1008 662 1074 De
696 1006 835 1097 discipuli
869 1031 939 1097 erga
972 1010 1149 1098 magistrum
1183 1012 1362 1090 reverentia,

389 1153 455 1214 tum
486 1148 523 1213 de
543 1147 598 1226 iis,
625 1148 678 1234 qui
701 1170 771 1214 mox
794 1153 961 1234 sequuntur
983 1172 1103 1229 versus,
1125 1151 1193 1217 ofrr.
1215 1173 1290 1236 quae
1312 1174 1363 1216 ισ-

389 1309 443 1375 pra
465 1292 537 1353 sunt
560 1291 670 1353 notata.

434 1564 512 1631 Ibi&
534 1564 603 1632 Lim
627 1569 656 1631 8.
680 1565 746 1631 MS.
770 1573 1008 1641 κοινωνοῦντας
1033 1565 1068 1631 δὲ
1093 1569 1161 1632 καί.
1187 1566 1267 1634 Dedi
1291 1592 1362 1632 κοι-

391 1707 590 1779 νωνοῦντας.
616 1706 659 1767 Εἰ
683 1703 717 1769 δὲ
742 1705 809 1768 καί.

435 1980 513 2047 Ibid.
542 1980 612 2047 Lin.
638 1985 687 2047 10.
716 1979 860 2046 Πλάτων
891 1985 952 2066 γάρ
984 1983 1072 2048 ἐστιν
1096 1985 1115 2046 0'
1137 1980 1253 2061 λέγων.
1284 1982 1364 2048 Vide

389 2121 499 2187 Phaed.
526 2124 576 2186 91.
600 2120 634 2187 0.
658 2121 748 2204 ὑμεῖς
772 2119 898 2203 μέντοι,
923 2124 966 2186 ἂν
993 2123 1061 2204 ἐμοὶ
1086 2122 1261 2205 πείθησθε,
1289 2143 1362 2202 σμι-

391 2262 469 2344 κρὸν
493 2260 726 2342 φροντίσαντες
747 2263 957 2344 Σωκράτους,
980 2266 1034 2340 τῆς
1056 2258 1086 2324 δ’
1099 2259 1259 2345 ἀληθείας
1279 2258 1362 2325 πολύ

391 2396 532 2482 μᾶλλον,
558 2400 615 2463 ἐὰν
639 2397 699 2482 μέν
724 2423 754 2462 τι
778 2399 854 2482 ὑμῖν
880 2397 964 2463 δοκῶ
988 2397 1112 2483 οίληθὲς
1136 2398 1257 2479 λέγειν,
1282 2398 1362 2474 ξνν-

390 2536 648 2622 ομολογησασθε,
675 2539 704 2601 εί
727 2536 761 2602 δὲ
785 2542 827 2620 μὴ
853 2564 883 2602 κ.
908 2563 939 2602 τ.
964 2542 990 2601 ἔ.

434 2816 511 2883 Ibid.
535 2814 604 2881 Lin.
630 2819 680 2881 12.
704 2818 785 2894 Καί,
808 2814 935 2894 “ί’μωγε
956 2814 1066 2881 οὐθενὶ
1085 2814 1177 2899 ἄλλῳ
1195 2821 1362 2901 πρόθυμός

391 2984 422 3022 κ.
456 2982 485 3020 τ.
516 2959 576 3035 ἑ.,,
610 2954 671 3020 cfr.
703 2954 788 3021 Otito
812 2958 864 3020 40.
887 2955 923 3021 B.
948 2952 1011 3033 ἐγὼ
1037 2958 1180 3029 τοιοῦτος
1205 2949 1271 3029 οἷος
1295 2957 1361 3020 τῶν

390 3097 477 3177 ἐμῶν
499 3092 614 3179 μηδενί
638 3090 729 3177 ἄλλῳ
753 3095 933 3158 πείθεσθαι
957 3099 978 3175 η’
1001 3102 1045 3179 τῷ
1070 3093 1167 3178 λόγῳ,
1192 3095 1226 3169 ὃς
1245 3098 1289 3159 ἄν
1306 3119 1361 3176 μοι

384 3232 591 3317 ,λογιζομένῳ
615 3231 782 3320 βέλτιστος
807 3234 977 3318 φαίνηται.

434 3508 513 3577 Ibid.
537 3511 605 3577 Lin.
632 3514 682 3578 17.
700 3511 825 3578 Correxi
844 3508 1074 3597 ὑπολαβόντας
1094 3532 1148 3598 pro
1160 3507 1361 3595 ἐκλαβόντας

389 3650 423 3715 in
445 3648 512 3714 MS.

436 3926 514 3993 Ibid.
538 3926 606 3991 Lin.
632 3930 681 3992 17.
705 3927 748 4001 ὡς
769 3928 824 3990 καί
845 3926 881 3990 τὸ
901 3951 918 3990 κ
934 3974 1040 3989 .....
1055 3930 1111 3992 τὸν
1133 3929 1188 3991 τοῦ
1209 3926 1359 4012 οὐρανοῦ.

391 4068 452 4134 cfr.
484 4065 663 4133 Aristoteles
695 4066 731 4131 de
762 4066 1059 4132 0001011.1.1nit.
1085 4065 1247 4154 (οὐρανός)
1273 4065 1361 4133 ἐστιν

391 4206 562 4270 ἀθάνατὸν
596 4229 626 4267 τι
660 4205 715 4267 καί
747 4209 840 4269 θεῖον
873 4207 939 4270 τῶν
968 4206 1108 4290 ἐχόντων
1132 4207 1191 4288 μέν
1217 4206 1358 4289 κίνησιν,

392 4345 532 4429 ἐχόντων
555 4341 589 4407 δὲ
611 4347 779 4427 τοιαύτην,
802 4343 882 4409 ὥστε
899 4345 1007 4427 μηθὲν
1026 4336 1109 4409 εἶναι
1128 4342 1228 4427 πέρας
1248 4342 1359 4425 αὐτῆς,

392 4482 475 4548 ἀλλὰ
497 4480 623 4567 μᾶλλον
648 4489 770 4568 ταύτην
795 4486 861 4550 τῶν
881 4481 992 4548 ἄλλων
1016 4481 1129 4568 πέρας,
1154 4482 1212 4548 Sed
1235 4482 1307 4549 ibid.
1329 4483 1364 4548 in‘
