3592 5400
405 647 447 709 20
834 663 943 711 nonar.

447 854 526 920 Ibid.
557 855 625 920 Lin.
658 858 685 921 7.
717 853 995 939 Ἀσκληπιαδῶν.
1028 856 1152 921 'Pzetzes
1180 855 1213 920 in
1237 854 1317 922 Chil.
1340 855 1384 922 X.

405 997 466 1060 ⁷27
492 1000 522 1060 et
546 994 622 1059 XII.
647 997 710 1059 638
736 994 928 1060 Aristotelem
949 994 1017 1059 ideo
1038 993 1243 1083 Asclepiadem
1265 993 1381 1061 dictum

402 1156 466 1198 esse
488 1138 590 1220 putat,
623 1132 704 1218 quod
727 1132 921 1210 medicinam,
944 1156 1032 1219 qnam
1058 1139 1141 1222 pater
1162 1140 1192 1200 et
1214 1155 1289 1200 avus
1312 1156 1381 1222 pro·

402 1272 472 1337 lessi
495 1273 696 1359 essent‚u'pse
718 1293 837 1356 quoque
860 1272 1056 1359 profiteretur.
1078 1271 1140 1337 cfr.
1160 1272 1189 1337 J.
1207 1270 1263 1338 Th.
1281 1272 1383 1338 Buhle

402 1411 421 1477 l.
452 1433 476 1476 c.
507 1411 592 1477 Tom.
616 1412 640 1476 I.
665 1434 732 1498 pag.
757 1414 806 1475 83.
830 1409 1036 1477 Nicomachus
1067 1410 1232 1477 secundnm
1255 1411 1380 1476 Suidam

403 1572 455 1615 sex
474 1549 566 1615 libros
586 1550 707 1638 scripsit
724 1555 915 1635 Ἰατρικῶν,
938 1574 1031 1617 unum
1053 1553 1221 1616 Φυσικῶν.
1242 1551 1382 1617 Phaestia

403 1688 548 1755 Chalcide
570 1695 632 1754 erat
655 1667 797 1756 oriunda:
821 1688 1035 1756 Chalcidenses
1055 1691 1133 1756 enim
1155 1691 1302 1757 coloniam
1314 1690 1380 1756 Sta·

401 1829 495 1915 giram
537 1828 729 1895 deduxerant.
770 1829 853 1916 (Vid.
893 1830 1021 1916 Dionys.
1055 1830 1208 1897 Halicarn.
1250 1832 1282 1896 in
1317 1830 1382 1896 vita

401 1967 597 2055 Aristotelis.)
628 1970 668 2035 In
698 1974 876 2035 testamento
908 1970 1083 2037 Aristotelis
1109 1970 1188 2060 apud
1212 1971 1379 2057 Diogenem

401 2107 555 2173 La'e'rtium
587 2105 658 2174 haee
684 2108 841 2196 leguntur:
868 2111 963 2172 “Kal
989 2113 1049 2190 τὴν
1075 2110 1213 2196 (renova)
1237 2116 1293 2191 τῆς
1315 2135 1380 2192 μη·

402 2251 475 2334 πρὸς
507 2254 562 2329 τῆς
590 2245 745 2332 ἡμετέρας
770 2255 810 2332 τῇ
834 2250 981 2334 Λημητρὶ
1012 2249 1059 2337 (ut
1081 2253 1161 2349 pecte
1184 2247 1380 2314 casaubonus

402 2386 598 2475 emendavit.)
623 2386 803 2452 ἀναθεῖναι
830 2389 874 2463 εἷς
895 2387 1075 2471 Νεμέαν.»
1097 2388 1266 2456 Phaestidia
1277 2390 1380 2475 imago

402 2550 419 2592 a
448 2527 617 2614 Protogene
647 2531 709 2592 erat
739 2528 835 2615 picta,
863 2528 951 2614 cnjus
974 2528 1111 2592 meminit
1133 2526 1251 2593 Plinius
1276 2528 1316 2594 H.
1338 2529 1380 2595 N.

402 2666 540 2733 XXXV.
575 2672 626 2735 20.
667 2667 805 2734 Tradunt
844 2667 982 2734 nonnulli
1017 2667 1210 2734 Aristotelem
1244 2668 1380 2735 Athenas

400 2809 566 2895 proiectum
602 2807 858 2897 pharmacopolam
894 2808 1007 2887 inisse,
1040 2814 1070 2873 et
1105 2814 1197 2874 artem
1233 2807 1378 2875 medicam

401 2948 575 3014 exercuisse.
606 2948 667 3014 Cir.
698 2948 727 3013 J.
751 2948 807 3013 Th.
838 2947 954 3024 Buhle‚
986 2948 1070 3013 Pom.
1094 2949 1123 3014 I.
1153 2971 1220 3036 pag.
1245 2953 1297 3014 85.
1320 2948 1377 3015 Sed

402 3086 479 3153 hanc
501 3088 699 3153 narrationem
723 3111 760 3152 en
779 3087 897 3175 impuro
917 3088 999 3153 fonte
1017 3087 1142 3153 fluxisse
1161 3085 1234 3153 bene
1245 3088 1379 3154 ostendit

400 3227 438 3292 A.
469 3225 559 3292 Stahr
589 3226 622 3292 in
652 3225 671 3291 l.
702 3248 727 3291 c.
758 3226 793 3291 Τ.
824 3227 849 3292 Ι.
879 3249 947 3314 pag.
979 3228 1030 3292 39.
1058 3224 1238 3292 Plutarchus
1260 3226 1294 3291 in
1316 3228 1379 3292 vita

402 3365 567 3431 Alexandri
597 3366 686 3431 refert
714 3365 919 3430 Alexandrum
943 3364 986 3431 M.
1010 3388 1027 3430 a
1049 3364 1193 3452 magistro
1215 3366 1379 3432 Aristotele

402 3506 475 3571 artis
498 3506 630 3571 medicae
653 3504 756 3571 studio
777 3505 872 3570 inisse
893 3503 1051 3569 imbutum.
1076 3503 1203 3592 Scripsit
1222 3528 1292 3570 sane
1310 3505 1378 3594 phi·

402 3646 545 3734 losophus
571 3644 662 3711 libros
685 3644 846 3731 quosdam,
869 3644 922 3730 qui
944 3644 982 3709 ad
1005 3643 1082 3709 hano
1105 3650 1197 3710 artem
1220 3646 1378 3732 pertinent.

446 3925 523 3991 Ibid.
554 3926 623 3990 Lin.
655 3929 683 3990 9.
715 3924 940 4008 Ἀρίμνηστος
972 3924 1027 3987 καὶ
1052 3922 1261 4009 Αριμνήστη.
1294 3925 1379 3992 Hinc

401 4066 484 4133 vides
515 4065 665 4151 quomodo
695 4063 747 4128 illa
778 4063 954 4151 explicanda
987 4064 1050 4129 sint
1080 4064 1112 4128 in
1136 4064 1201 4130 vita
1222 4066 1377 4152 Anonymi

402 4210 433 4271 et
455 4205 532 4292 apud
556 4204 679 4269 Suidam
704 4205 759 4267 καὶ
781 4200 941 4288 ἀδελφούς
960 4205 1020 4285 μὲν
1042 4202 1134 4288 ἔσχεν
1148 4203 1376 4288 Ἀρίμνηστον

402 4347 457 4410 καὶ
486 4345 727 4431 Ἀριμνήστην.
761 4345 808 4410 Se.
836 4345 895 4410 fuit
926 4344 999 4410 haec
1029 4366 1124 4424 soror,
1145 4367 1201 4411 nec
1223 4346 1296 4413 alter
1318 4348 1378 4416 fuit

400 4486 490 4551 freter
513 4486 750 4572 Ἀριμνήστης.
