3592 5400
831 525 923 568 LIBER
943 525 975 568 11.

468 673 520 735 καὶ
533 671 647 736 τεκέων
661 672 745 760 τέρεν
761 671 862 751 ἄνθος,
878 677 909 737 ἐν
925 663 1032 735 εἴδεσιν
1048 663 1126 748 εἶδος
1141 674 1298 761 ιἰποίργωνι

467 784 518 846 καὶ
534 778 612 868 ψυχὴ
628 785 678 846 καὶ
692 793 811 872 πνεῦμα
826 786 877 846 καὶ
891 784 1015 872 οἰρμονίτΙ
1031 785 1083 845 καὶ
1097 781 1247 872 οἰριθμός.2

401 901 513 959 Euseb.
530 918 629 976 praep.
647 919 690 958 ev.
708 903 736 958 4.
755 901 803 958 22.
824 902 861 959 16
878 921 906 977 p.
923 902 981 958 104
998 898 1100 976 Stcpb.
1118 921 1145 976 p.
1162 902 1221 959 174
1233 922 1260 959 a.
1277 901 1342 980 lig.

398 999 491 1069 'dacae
503 1002 524 1053 δ’
536 1000 605 1062 ὅπως
618 1003 658 1054 καὶ
671 1003 724 1073 περὶ
737 1003 825 1054 τούτου
839 1001 926 1073 γρὰρει
938 1002 961 1053 ἐν
975 1007 1025 1063 τοῖς
1038 1003 1145 1073 περὶτῆς
1158 1001 1184 1053 ἐκ
1197 1002 1290 1072 λογίων
1303 1003 1459 1073 ριλοσορίας·

402 1097 482 1172 Τοὺς
502 1087 553 1161 θὲ3
573 1099 717 1185 πονηροὺς
738 1089 896 1186 δαίμονας4
918 1102 973 1161 οὐκ
993 1104 1059 1168 εἰκῆ
1080 1099 1136 1161 ὑπὸ
1157 1099 1211 1161 τὸν
1232 1097 1366 1187 Σάραπιν
1388 1105 1461 1164 ὑπο·
1487 1121 1500 1158 ι

339 1207 502 1298 πτεθομεν,
523 1199 584 1271 odd’
600 1213 634 1272 ἐκ
653 1210 730 1271 τῶν5
752 1210 911 1297 συμβόλων
934 1209 1042 1298 μόνον6
1062 1206 1302 1289 ἀναπεισθέντες,
1325 1210 1392 1274 ἀλλ’
1413 1212 1461 1274 ὅτι

340 1321 378 1384 rol
401 1321 589 1410 μειλίγματα
610 1320 676 1382 καὶἶ
697 1321 739 1403 τοὶ
760 1318 876 1383 τούτων
903 1320 1093 1405 ἀποτρόπαια
1118 1321 1190 1407 πρὸς
1215 1321 1268 1384 τὸν
1290 1320 1461 1385 ΙΙλοθπωνα

340 1433 468 1520 γίνεται,
489 1435 528 1505 ὡς
547 1434 578 1493 ἐν
597 1440 642 1511 τῷ
663 1431 792 1518 πρώτῳ8
811 1421 990 1519 ἐδείκνυμεν.
1013 1434 1029 1492 ὀ
1053 1432 1144 1505 αὐτὸς
1165 1421 1197 1494 dd
1216 1441 1261 1513 τῷ
1283 1430 1460 1495 Πλούτωνι9
1486 1461 1499 1489 ο

340 1545 354 1603 ὁ
369 1537 445 1620 θεός,
461 1542 512 1603 καὶ
525 1529 574 1603 drot
585 1549 678 1604 τοῦτο
690 1539 824 1629 μάλιστα
836 1531 985 1630 δαιμόνων
1000 1539 1107 1629 ἄρχων,
1119 1544 1170 1604 καὶ
1182 1542 1319 1631 σθμβολα
1325 1544 1350 1580 ¹⁰
1362 1532 1461 1619 blein

339 1654 408 1741 πρὸς
420 1652 476 1722 τὴν
487 1649 604 1715 τούτων
616 1653 756 1716 ελασινῃ.
781 1645 883 1726 Οὗτος
894 1650 998 1741 γοῦν12
1010 1655 1060 1715 καὶ
1071 1664 1134 1728 τοῖς
1145 1652 1254 1728 ἱκέταις
1262 1653 1285 1691 ¹³
1300 1643 1460 1734 ἐδήλωσεν,

339 1767 376 1837 ὡς
390 1772 465 1825 πᾶσι
481 1754 567 1844 ζῴοις
587 1761 776 1850 ὁμοιούμενοι
796 1764 933 1851 προσίασι
952 1773 1016 1836 τοῖς
1036 1759 1212 1851 ἀνθρώποις·
1235 1762 1303 1827 ὅθεν
1323 1766 1374 1827 καὶ
1393 1761 1460 1854 παρ’

341 1871 513 1965 Αἰμοπτίοις
535 1874 585 1935 καὶ
607 1873 719 1961 παραὶ14
734 1866 850 1948 Φοίνιξι
865 1875 917 1936 καὶ
932 1874 1008 1948 ὅλως
1028 1873 1110 1961 παραὶ
1126 1884 1190 1948 τοῖς
1209 1875 1250 1936 τοὶ
1271 1873 1337 1938 θεῖα
1360 1886 1461 1964 σοροῖς

406 2009 415 2041 ¹
435 2008 530 2060 Forma
546 2009 574 2060 in
592 2010 715 2061 varietate
733 2010 875 2060 formarum
895 2014 1018 2060 constans
1037 2014 1062 2059 ct
1079 2008 1196 2060 immota.

405 2093 416 2127 ²
435 2094 533 2146 Versus
551 2094 608 2158 τύνη
621 2091 767 2163 -ἀριθμός
786 2095 865 2145 etiarn
877 2093 910 2157 L,
929 2100 958 2145 ut
976 2094 1052 2146 edidi.
1079 2092 1181 2162 Orpheo
1199 2093 1290 2145 tribuit
1307 2093 1399 2146 Franc.
1411 2093 1459 2146 Pa·

337 2180 425 2232 tricius
449 2180 559 2231 discuss
582 2180 716 2248 peripatet.
735 2179 759 2232 3.
779 2179 795 2230 ὁ
816 2195 878 2248 pag.
897 2179 961 2242 326,
985 2180 1081 2247 recepit
1101 2179 1168 2230 iuter
1192 2178 1304 2247 Orphica
1329 2179 1459 2231 Gesnerus

338 2265 382 2329 (fr.
394 2264 450 2332 48).
481 2264 591 2316 Fontem
613 2281 665 2316 nou
688 2265 818 2332 ignoravit
835 2265 898 2317 bob.
918 2264 1047 2332 Agl‘lol.
1078 2263 1180 2316 Similia
1202 2264 1308 2332 quidem
1324 2265 1408 2315 multa
1424 2265 1460 2316 lc-

338 2355 435 2416 guntur
452 2350 480 2400 in
504 2350 661 2401 carminibus
681 2348 811 2417 Orphicis,
824 2351 905 2401 uelut
922 2350 953 2402 fr.
972 2349 988 2400 (i
1007 2349 1086 2403 Gesn.
1105 2349 1162 2408 Ζεὺς
1186 2345 1261 2418 ἄρσην
1283 2349 1379 2418 γένετο,
1402 2349 1459 2409 Ζεὺς

339 2431 462 2505 ἄμβροτος
480 2431 567 2484 ἔπλετο
585 2435 667 2503 νύμφη
686 2441 735 2488 etc.
763 2432 908 2503 πάνταγὰρ
927 2432 951 2484 ἐν
970 2434 1045 2498 Ζηνὸς
1064 2432 1167 2503 μεγάλῳ
1187 2432 1244 2485 τάδε
1261 2434 1358 2503 σώματι
1376 2439 1458 2486 κεῖται.

336 2518 376 2572 Fr.
402 2519 436 2571 28
461 2518 599 2571 duodecim
622 2520 772 2571 numinibus
797 2520 968 2570 enumeratis:
992 2518 1016 2568 ἓν
1039 2516 1098 2569 τάδε
1121 2516 1209 2570 πάντα.
1245 2519 1368 2588 Sequitur
1391 2519 1457 2578 Ζεύς.

337 2603 412 2655 cubio
432 2603 472 2655 κοιλ
491 2602 592 2673 ἁρμονίη
612 2604 727 2655 Μουσῶν.
745 2602 801 2657 Iob.
820 2604 884 2672 Lyd.
904 2604 935 2655 dc
952 2604 1061 2655 meusb'
1079 2621 1105 2672 p.
1116 2604 1160 2655 θῦε
1180 2601 1285 2672 Ὀρφεὺς
1304 2603 1357 2672 περὶ
1375 2601 1459 2663 ἑξάδος

337 2687 415 2742 ταῦτά
433 2707 498 2759 φησι·
518 2687 599 2741 Ἵλαθι
616 2689 698 2760 κύδιμ’
711 2685 809 2760 ἀριθμέ,
829 2686 904 2759 πάτερ
923 2687 1049 2759 μακάρων,
1068 2686 1143 2757 πάτερ
1163 2687 1265 2759 ἀνδρῶν.
1288 2688 1321 2740 Et
1333 2687 1459 2757 Orphicus

336 2782 414 2845 poeta
435 2780 462 2827 et
484 2777 582 2828 oraculi
604 2781 694 2828 auctor
717 2775 942 2843 Pythagoreorum
964 2775 1077 2848 produnt
1098 2775 1250 2828 doctrinam.
1285 2775 1391 2827 Lucian.
1413 2774 1458 2826 vit.

336 2868 405 2914 auct.
424 2861 442 2912 4
459 2868 524 2914 extr.
537 2860 715 2929 Pythagoreos
733 2860 818 2911 ridens
837 2861 884 2912 ait:
904 2860 1010 2929 γνώσεαι
1027 2859 1203 2929 (philosophia
1219 2876 1314 2912 arcana
1331 2860 1459 2929 initiatus)

336 2945 378 2996 τον
398 2946 453 2996 θεὸν
471 2944 572 3016 ἀριθμὸν
591 2944 663 2996 ἐόντα
680 2945 721 2997 καλ
738 2947 794 2996 νόον
814 2945 854 2996 καὶ
872 2944 997 3015 ἁρμονίην.
1029 2947 1154 2999 Videlicet
1175 2946 1276 2998 numeri
1297 2945 1356 2998 huic
1374 2951 1459 2999 sectae

336 3032 507 3100 principalem
525 3036 551 3083 et
568 3032 684 3083 innatam
703 3048 789 3083 rerum
805 3031 918 3083 formam
936 3032 1066 3083 continere
1079 3032 1240 3085 uidebantur.
1267 3032 1306 3083 Ad
1320 3033 1397 3083 istam
1409 3032 1458 3100 igi·

335 3122 377 3168 tur
395 3115 610 3185 philosophorum
629 3123 739 3180 sectam,
758 3117 932 3169 Alexandriae
950 3119 1103 3186 praesertim
1122 3119 1192 3169 etin
1210 3118 1273 3169 Asia
1290 3118 1460 3187 primis-post

337 3202 395 3254 Chr.
415 3203 526 3254 saeculis
544 3201 693 3265 florentem,
711 3203 732 3253 is
751 3204 909 3271 pertinebat,
928 3203 971 3270 qui
990 3203 1124 3254 oraculum
1143 3203 1262 3256 confecit.

406 3287 416 3320 ³
436 3287 480 3339 Sic
496 3304 543 3356 pro
562 3286 592 3352 δὴ
610 3286 677 3340 AHG
696 3292 722 3339 et
739 3287 917 3340 Theodoretus
937 3286 980 3338 Gr.
994 3286 1037 3340 all.
1051 3304 1106 3338 san.
1125 3286 1220 3355 disp.3
1237 3303 1263 3355 p.
1278 3286 1328 3338 716
1346 3284 1458 3350 Schulz.,

337 3373 382 3442 qui
400 3372 457 3431 τοὺς
476 3370 503 3423 δὲ
521 3390 574 3427 πον.
593 3390 677 3442 usque
696 3373 728 3424 ad
747 3368 832 3441 ἄρχων
851 3370 934 3424 affert.

405 3458 417 3490 ⁴
436 3457 553 3526 δαίμονας
572 3476 622 3512 om.
640 3459 694 3511 ΑΗ.
766 3458 776 3489 ⁵
795 3455 821 3508 ἐκ
840 3456 866 3507 δὲ
884 3458 933 3507 τῶν
951 3472 998 3524 pro
1017 3454 1070 3506 οὐδ’
1089 3453 1115 3505 ἐκ
1133 3456 1183 3505 τῶν
1200 3454 1299 3509 BCFG.

404 3542 416 3575 ⁶
435 3542 478 3594 Sic
497 3542 595 3597 Theod.
615 3548 641 3594 et
659 3548 722 3612 optt.
742 3542 815 3595 codd.
834 3542 952 3604 Eusebii3
977 3542 1059 3609 μόνων
1080 3540 1161 3593 Gaisi
1179 3557 1239 3591 cum
1257 3540 1337 3603 BCD3
1357 3557 1408 3591 om.
1425 3539 1457 3594 Η.

335 3628 405 3682 Tum
423 3625 607 3697 ἀναπειθόμενοι
625 3627 722 3681 Thecd.

405 3713 416 3746 ⁷
435 3711 498 3764 κατὰ
515 3729 562 3782 pro
581 3712 621 3764 nal
639 3714 693 3764 AH.
765 3714 774 3747 ⁸
793 3712 949 3764 Theodoreti
967 3712 1022 3765 cod.
1042 3709 1100 3764 Urs.
1120 3710 1203 3779 τρίτῳ.

405 3792 506 3865 9οὗτος
530 3798 580 3850 adi.
600 3797 696 3851 Theod.
714 3829 746 3836 —
768 3794 963 3850 Archemachus
985 3797 1063 3860 Eub,
1086 3796 1234 3848 Heraclides
1256 3794 1392 3860 Pontiam,
1416 3794 1461 3849 alii

335 3901 377 3953 ap.
391 3884 460 3937 Plut.
474 3883 505 3934 de
518 3884 584 3935 Iside
598 3884 630 3934 ‘27
643 3901 669 3951 ρ.
681 3883 729 3934 361
740 3884 762 3934 f:
777 3882 805 3933 οὐ
819 3880 866 3951 γὰρ
880 3879 957 3932 ἄλλον
970 3874 1028 3932 εἶναι
1040 3879 1148 3950 Σάραπιν
1161 3884 1176 3947 ἢ
1190 3881 1232 3931 τον
1246 3880 1382 3933 Πλούτωνά
1393 3901 1458 3951 φασι.

366 4014 370 4017 .
396 3969 419 4000 ¹⁰
437 3968 557 4037 Σύμβολα
575 3986 652 4038 supra
666 3969 879 4037 significaverunt
891 3967 1041 4030 simulacra,
1060 3962 1102 4019 hic
1119 3968 1197 4036 signa
1214 3974 1276 4025 sunt
1294 3986 1309 4019 a
1327 3969 1375 4020 diis
1389 3969 1457 4020 data.

335 4055 411 4109 Haud
433 4060 530 4105 temere
553 4056 720 4117 conficimus,
743 4055 827 4105 malos
851 4053 992 4105 daemones
1016 4070 1073 4105 esse
1096 4054 1145 4104 sub
1169 4053 1306 4122 Serapide,
1331 4056 1379 4105 sub
1403 4055 1458 4105 eius

336 4141 452 4207 dicione,
475 4139 552 4208 idque
574 4140 727 4192 coniicimus
750 4156 803 4189 non
827 4143 930 4190 tantum
953 4155 985 4190 ex
1008 4139 1154 4191 simulacris
1178 4141 1307 4208 rebusque
1328 4138 1459 4190 attributis

336 4226 380 4292 (de
404 4226 500 4294 quibus
522 4226 549 4277 in
573 4227 638 4277 libro
660 4225 671 4276 1
689 4223 848 4292 Porphyrius
866 4224 992 4292 dixerat),
1017 4223 1062 4276 sed
1080 4225 1159 4277 etiam
1176 4225 1246 4287 ideo,
1271 4225 1340 4292 quod
1357 4222 1458 4274 Plutoni

335 4312 375 4363 vis
399 4316 440 4362 est
462 4311 592 4362 malorum
615 4311 772 4361 daemonum
795 4311 1061 4374 auerruncandorum,
1085 4310 1192 4379 Sarapis
1216 4315 1304 4359 autom
1327 4308 1396 4359 idem
1419 4311 1459 4358 est
1509 4381 1513 4387 .

337 4412 367 4446 ac
385 4396 471 4448 Pluto.

395 4482 416 4514 ¹¹
437 4476 529 4532 ἔλενσιν
548 4480 629 4546 ODG,
647 4479 737 4549 εθρεσιν
755 4479 784 4533 F.
1305 4492 1308 4497 '

395 4565 419 4600 ¹²
438 4560 480 4617 οὖν
499 4566 538 4619 CF
542 4566 573 4621 G.
728 4566 752 4600 ¹³
771 4564 873 4629 οἰκέταις
889 4566 910 4619 F
913 4566 945 4621 G.
1101 4565 1124 4598 ¹⁴
1143 4561 1209 4633 παρὰ
1226 4580 1278 4617 om.
1296 4561 1395 4618 BGFG.

1208 4666 1256 4717 10'
