3592 5400
771 629 879 675 uorax,
1275 609 1313 670 31

338 824 480 910 antiquus
503 822 593 888 nobis
619 823 718 888 inesse
739 821 871 899 videtur,
897 843 976 886 nnus
999 819 1051 886 hic
1074 819 1250 886 Aristotelis
1273 820 1317 884 in·

337 963 428 1049 genio
451 963 582 1050 dignus,
605 966 685 1026 certe
703 983 765 1026 non
786 984 803 1026 a
823 959 940 1025 misello
956 959 1046 1046 hujus
1059 959 1171 1047 elegiae
1182 965 1319 1035 auctore,

338 1103 464 1167 fortasse
486 1100 524 1165 ab
545 1102 613 1188 ipso
634 1099 799 1166 Aristotele
822 1101 985 1165 conlectus.

384 1239 519 1305 Tandem
542 1245 643 1305 noster
665 1239 745 1305 infra
767 1245 797 1305 et
819 1238 1136 1305 Pseudo-Ammonius
1159 1235 1319 1302 observant

338 1401 401 1442 non
432 1380 567 1466 potuisse
597 1377 791 1444 Aristotelem
824 1379 1015 1465 peregrinum
1047 1375 1179 1442 scholam
1208 1375 1319 1462 aperire

339 1522 445 1582 contra
479 1517 634 1582 Platonem
669 1518 782 1595 civem,
813 1515 973 1582 Timotheo
1008 1520 1038 1581 et
1070 1514 1200 1580 Chabria
1229 1514 1319 1599 hujus

340 1656 573 1742 consanguineis
595 1661 661 1720 tum
686 1656 885 1743 principatum
910 1653 1085 1742 gerentibus
1107 1652 1244 1719 Athenis.

383 1793 452 1861 Jam
488 1795 641 1861 videamus
676 1794 713 1859 de
743 1795 926 1859 Aristoxeno
958 1793 1079 1858 Musico
1109 1798 1140 1858 et
1168 1791 1320 1858 Aristocle

341 1935 442 2022 (cujus
465 1957 574 1999 nomen
598 1956 652 2022 pro
675 1934 811 1999 Aristide
835 1933 1038 2021 reponendum
1062 1955 1125 1998 esse
1144 1934 1206 2020 jam
1231 1954 1320 2019 supra

339 2073 545 2157 monuimus);
575 2078 678 2138 noster
707 2071 890 2159 biographus
922 2071 1011 2159 longe
1042 2095 1059 2137 a
1087 2094 1157 2136 vero
1189 2070 1320 2148 aberrat,

339 2212 390 2296 qui
416 2218 518 2277 censet
541 2209 578 2276 ab
601 2209 649 2274 his
673 2211 746 2275 viris
769 2210 963 2276 Aristotelem
992 2211 1086 2276 fuisse
1110 2211 1318 2296 vituperatum.

340 2351 541 2415 Aristoxenus
572 2350 723 2426 musicus,
753 2349 847 2413 Suida
873 2348 995 2433 quidem
1019 2353 1110 2425 teste,
1135 2347 1208 2432 (Cir.
1232 2347 1262 2411 S.
1286 2349 1318 2411 in

340 2490 424 2573 rooe)
456 2488 576 2552 auditor
601 2488 660 2553 fuit
683 2491 714 2552 et
737 2487 862 2551 aliorum
887 2493 918 2552 et
940 2484 1130 2563 Aristotelis,
1153 2508 1241 2572 quem
1267 2485 1318 2550 de·

340 2628 478 2693 functum
519 2625 712 2692 contumeliis
753 2632 943 2691 consectatus
980 2629 1042 2703 est,
1080 2624 1161 2711 qnod
1200 2623 1319 2690 scholae

341 2789 542 2833 successorem
560 2765 800 2854 Theophrastum
818 2765 1005 2851 reliquisset,
1023 2787 1091 2829 cum
1103 2765 1168 2852 ipse
1179 2788 1317 2853 magnam

341 2906 419 2993 apud
450 2906 625 2972 Aristotelis
656 2905 807 2971 auditores
838 2906 1048 2970 auctoritatem
1079 2904 1242 2970 obtineret:
1266 2905 1316 2970 sed

342 3042 413 3110 haec
443 3045 518 3110 falsa
548 3067 611 3110 esse
642 3045 776 3110 ostendit
806 3045 843 3109 G.
867 3044 904 3109 L.
928 3043 1041 3109 Mahne
1063 3045 1095 3109 in
1119 3042 1257 3110 Diatrihe
1281 3045 1318 3110 de

341 3185 523 3249 Aristoxeno
546 3184 668 3250 Musioo
691 3186 789 3249 Amst.
816 3187 917 3249 1793:
941 3189 1041 3248 actum
1064 3184 1128 3270 egit
1149 3183 1207 3249 Ad.
1227 3183 1318 3248 Stahr

340 3323 371 3386 in
394 3322 413 3387 l.
437 3344 462 3387 c.
483 3321 518 3387 T.
540 3325 567 3387 1.
586 3345 614 3409 p.
635 3327 693 3387 52:
713 3345 780 3387 nam
801 3322 953 3387 Aristocle
971 3327 1092 3388 auctore
1114 3322 1187 3409 (Off.
1207 3321 1316 3387 Euaeh.

340 3460 442 3547 Praep.
465 3460 581 3548 Evang.
606 3460 678 3525 XV.
703 3462 736 3547 2)
765 3462 966 3526 Aristoxenus
990 3461 1129 3526 Musicus
1152 3462 1211 3526 lere
1234 3484 1316 3525 sum·

342 3622 416 3664 mam
440 3600 601 3666 Aristoteli
624 3599 733 3667 tribuit
755 3599 881 3666 laudem.
902 3600 974 3665 Veri
995 3599 1316 3667 simileestMusicum

341 3740 555 3805 Aristoxenum
587 3746 689 3827 postea
720 3741 878 3805 confusum
910 3762 974 3804 esse
1005 3762 1074 3805 cum
1105 3738 1164 3805 alio
1186 3740 1314 3825 quodam

340 3878 471 3965 ejusdem
491 3880 622 3944 nominis
635 3879 714 3957 viro,
727 3877 903 3944 Aristotelis
915 3879 1040 3944 inimico
1051 3884 1083 3944 et
1094 3878 1315 3946 calumniatore.

382 4016 551 4084 Aristocles
583 4018 768 4097 Messenius,
801 4018 944 4105 magister
973 4018 1140 4084 Alexandri
1163 4018 1315 4106 Aphrodi-

340 4159 414 4237 siae,
457 4158 561 4223 eximii
599 4181 721 4246 opernm
756 4158 932 4224 Aristotelis
971 4159 1157 4247 interpretis,
1194 4161 1315 4247 scripsit

341 4299 413 4384 (Otr.
436 4299 548 4365 Suidas
570 4300 603 4363 in
627 4302 711 4384 voce)
735 4298 829 4364 libros
852 4298 883 4363 X
908 4299 944 4364 de
966 4298 1170 4387 philosophia,
1193 4300 1226 4363 in
1248 4301 1314 4386 qui·

339 4437 393 4504 bus
424 4460 528 4503 omnes
558 4437 754 4525 philosophos
785 4460 946 4524 eorumque
976 4439 1132 4526 opiniones
1166 4445 1314 4506 recenset:
