3592 5400
817 597 837 658 8

341 803 465 870 ἐλάττω
488 804 642 889 φαίνεται
661 808 774 890 μόνον.
795 810 847 891 Τῇ
863 803 897 871 δὲ
915 804 1110 891 φυσιολογίᾳ
1129 807 1317 895 προσέθηκε

340 950 401 1029 τὴν
425 944 576 1030 πέμπτην
602 943 735 1023 οὐσίαν,
760 947 816 1009 καὶ
841 945 876 1009 τό
900 951 973 1010 κατ’
995 944 1144 1033 είσδοχὴν
1164 951 1257 1033 ὁρᾶν·
1277 959 1320 1035 τῇ

342 1085 377 1151 δὲ
408 1093 643 1171 μαθηματικῇ,
674 1085 709 1149 τό
733 1083 898 1164 όξιίγωνον
925 1079 1011 1152 εἶναι
1036 1088 1094 1153 τόν
1119 1092 1226 1155 κῶνον
1250 1094 1320 1158 τῶν

342 1230 451 1312 ὄψεων
483 1224 538 1290 διὰ
570 1228 607 1291 τό
639 1223 796 1291 ὲπιπλέον
827 1223 978 1311 προϊέναι
1009 1231 1069 1309 τὴν
1093 1229 1174 1313 ὄφιν
1198 1215 1238 1295 οὖ
1258 1235 1320 1317 ὁρᾷ

341 1365 521 1451 μεγέθους,
547 1367 602 1430 καὶ
626 1368 710 1429 κατὰ
735 1376 827 1434 τοῦτο
851 1367 912 1452 γὰρ
937 1363 1034 1432 οὐδὲν
1057 1371 1123 1434 τῶν
1146 1369 1319 1454 ὁρωμένων

342 1504 420 1571 όλον
449 1507 517 1589 ἅμα
546 1474 674 1591 ὁρᾶται·
707 1507 762 1568 καί
791 1508 894 1592 ταιίτη
917 1505 1052 1588 μείζονα
1077 1506 1234 1586 γενέσθαι
1259 1514 1319 1577 τόν

343 1645 450 1723 ἄξονα
472 1651 529 1727 τῆς
553 1647 588 1710 ἐκ
613 1649 729 1712 τοιίτου
753 1651 809 1728 τῆς
832 1647 973 1732 βάσεως,
997 1649 1053 1711 καί
1076 1645 1241 1726 ὀξάγωνον
1260 1652 1319 1717 τόν

345 1787 452 1853 κῶνον
487 1783 733 1850 ἀποτελεῖσθαι.
770 1790 822 1869 Τῇ
856 1783 890 1849 δὲ
926 1784 1102 1868 θεολογίῳ,
1137 1790 1173 1852 τό
1202 1792 1245 1872 μὴ
1277 1793 1320 1855 τοί

345 1932 456 1992 πάντα
487 1927 642 2010 ε’γκόσμια
670 1916 775 2006 εἶναι,
806 1926 849 1999 ὠς
879 1924 915 1989 τό
947 1927 1049 2006 είκός,
1077 1924 1151 1990 ἀλλ’
1176 1919 1263 1993 είναί
1287 1955 1320 1994 τι

346 2068 400 2133 καί
424 2068 651 2153 ὑπερκόσμιον·
677 2066 711 2130 ἐν
733 2066 863 2151 γὰρτῷ
888 2063 1025 2149 πέμπτῳ
1049 2071 1104 2147 τῆς
1128 2065 1322 2150 φυσιολογε-

346 2215 402 2292 κῆς
410 2259 418 2288 ,
437 2207 473 2271 τό
490 2209 621 2292 πρῶτον
638 2203 718 2290 μηδὲ
733 2207 815 2269 κατὰ
829 2206 1029 2291 συμβεβηκός
1043 2229 1118 2290 φησι
1133 2213 1320 2290 κινεῖσθαι,

347 2356 404 2416 τοῦ
436 2347 607 2431 ίγκσσμίου
640 2344 695 2410 διὰ
720 2346 755 2409 τό
779 2331 808 2431 ᾧ
829 2344 1067 2427 συντέτακται,
1092 2349 1175 2411 κατὰ
1199 2351 1321 2436 συμβε-

346 2490 445 2577 βηκός
470 2483 678 2570 κινουμένου·
704 2486 759 2549 καὶ
784 2483 820 2550 ὲν
841 2490 886 2570 τῷ
906 2483 1011 2570 ὀγδόῳ
1033 2492 1089 2569 τῆς
1108 2495 1264 2571 φυσικῆς,
1285 2491 1322 2554 τό

346 2632 480 2717 πρώτως
510 2633 621 2693 κινοῦν
653 2625 811 2711 ἀκίνητον
844 2618 930 2692 εἶναι
953 2624 1119 2714 βούλεται.
1144 2626 1259 2694 Αὐτοῦ
1285 2629 1320 2695 δὲ

348 2774 463 2858 εὕρεμα
484 2771 538 2834 καί
556 2774 576 2851 ἡ
596 2766 709 2849 λογικὴ
731 2768 788 2842 τοίς
809 2764 1058 2847 συλλογιστικοίς
1076 2766 1239 2853 μεθόδους
1256 2768 1321 2835 οίπὸ

347 2918 413 2979 τῶν
456 2915 654 2997 πραγμάτων
700 2906 992 2999 ἱδιακρίνμντος.
1036 2914 1321 2979 Ἐπαναστάντων

348 3052 383 3117 δὲ
408 3050 496 3136 αὐτῷ
521 3053 587 3115 τῶν
611 3049 828 3134 Ἀθηναίων,
853 3048 1059 3135 ὑπεχώρησεν
1085 3052 1129 3126 είς
1147 3049 1322 3131 Χαλκίδα,

347 3195 502 3259 τοσοῦτον
525 3187 695 3270 ὑπειπὼν,
718 3190 761 3265 ὡς
785 3186 822 3253 οό
843 3194 1036 3276 συγχωρήσω
1047 3188 1254 3274 Ἀθηναίοις
1273 3190 1323 3268 δίς

347 3336 506 3419 ἁμαρτεῖν
539 3332 583 3405 είς
615 3328 823 3414 φιλοσοφίαν.
858 3330 954 3394 Ἐπεί
980 3327 1014 3393 δὲ
1039 3331 1080 3393 τά
1104 3328 1189 3395 αὐτὰ
1214 3338 1323 3413 καθη-

349 3497 451 3539 κοντα
488 3469 574 3561 μόκ)
613 3464 654 3552 ἦν
689 3466 807 3553 πολίτῃ
843 3468 897 3531 καί
932 3466 1016 3553 ξένῳ
1053 3472 1126 3556 περί
1161 3474 1220 3552 τὴν
1256 3474 1322 3540 τῶν

348 3610 551 3696 Ἀθηναίων
583 3607 700 3688 πόλιν,
732 3604 933 3674 ἐπιστέλλων
964 3608 1184 3696 Ἀντιπάτρῳ
1208 3616 1323 3709 γράφει

349 3756 385 3817 τό
410 3750 582 3835 Ἀθήνησι
608 3747 792 3835 διατρίβειν
817 3744 976 3833 ἐργῶδες,

350 3957 481 4040 ’Όγχνη
505 3954 565 4036 γὰρ
591 3952 642 4013 ἐπ’
666 3953 768 4035 ὄγχνῃ
793 3954 965 4035 γηράσκει,
989 3951 1087 4017 σῦκον
1108 3949 1204 4015 δ’ἕπί
1226 3958 1324 4038 σιίκῳ.

352 4170 412 4248 τὴν
434 4162 593 4252 διαδοχὴν
615 4168 680 4230 τῶν
699 4169 994 4249 συκοφαντούντων
1007 4165 1242 4248 αἰνιττόμενος.
1256 4171 1325 4232 Καὶ

345 4304 490 4390 ’τελευτᾷ
515 4305 660 4370 ε’κεῒΓσεἸ
687 4302 853 4388 διαθήκην
879 4303 1043 4390 ἔγγραφον
1068 4303 1281 4386 καταλιπὼν,
1305 4311 1324 4388 ἢ

353 4444 484 4531 φέρεται
517 4449 605 4530 παρά
636 4469 669 4510 τε
701 4442 915 4531 Ἀνδρονίκῳ
947 4443 1002 4508 καί
1025 4441 1221 4531 Πτολεμαίῳ
1244 4448 1325 4527 μετὰ
