3592 5400
344 490 404 553 144
461 485 468 507 ‘
545 455 550 469 .
823 506 915 550 maun
934 507 967 550 n.

341 664 446 742 gallice
466 671 495 720 et
508 662 616 720 Latine
635 660 788 718 enarravit.
815 661 846 718 Is
868 668 969 718 tacens
990 661 1128 718 hauserat
1142 678 1178 716 ex
1194 656 1333 719 Steucho.
1363 660 1458 719 Etiam

341 773 550 833 Ambrosianus
565 771 637 830 Maii
653 771 789 830 similiter
803 770 969 846 inscripsit:
986 761 1040 826 Ἐκ
1053 772 1109 828 τοῦ
1125 753 1258 827 δεκάτου
1273 773 1330 838 τῆς
1342 762 1459 853 Πορρυ·

343 879 402 966 ρίου
419 881 562 967 εὐλογιῶν
577 876 759 964 φιλοσοφίας.

403 995 467 1071 Ego
484 1012 519 1050 ex
534 993 596 1051 cod.
612 991 775 1051 Borbonico
790 992 883 1050 edam.
920 992 1071 1050 Lectionis
1087 991 1317 1066 discrepantiam
1331 991 1459 1062 afferam,

340 1104 605 1180 interpunctionem
625 1111 724 1160 tacens
744 1103 917 1178 plerumque
936 1102 1105 1161 emendabo.
1135 1101 1364 1160 Ambrosianum
1387 1102 1459 1160 codi-

342 1233 404 1273 cem
418 1217 459 1285 Α,
474 1213 669 1273 Borbonieum
683 1213 724 1282 B,
741 1210 898 1272 Steucbum
915 1211 959 1272 St.
974 1213 1123 1289 apellabo,
1143 1211 1170 1269 L
1185 1211 1316 1270 codicem
1331 1213 1459 1270 Lauren·

341 1325 463 1383 tianum.
501 1325 585 1399 Quae
610 1343 645 1382 ex
664 1324 691 1381 L
712 1341 823 1381 mecum
843 1323 892 1381 Fr.
915 1322 962 1380 del
982 1323 1073 1381 Furia
1100 1322 1340 1392 communicavit,
1366 1322 1457 1380 verbis

330 1435 435 1493 -dicam
441 1456 449 1506 3
465 1434 501 1492 de
516 1434 637 1509 reliquis
651 1433 780 1492 fontibus
795 1433 844 1491 ubi
861 1441 958 1504 muco,
974 1435 1114 1509 praebent
1128 1432 1174 1503 id,
1189 1433 1267 1508 quod
1282 1433 1348 1491 edo.

409 1537 439 1589 ‘0
453 1537 590 1607 Πορφύριος
602 1533 626 1587 ἐν
638 1539 675 1605 τῷ
689 1535 810 1604 δευτέρῳ1
831 1535 919 1604 βιβλίῳ
932 1539 974 1601 τῆς
989 1533 1015 1586 ἐκ
1028 1535 1120 1605 λογίων
1132 1534 1279 1604 φιλοσοφίας
1292 1533 1372 1586 αὐτοῦ
1384 1552 1457 1605 παρα·

320 1697 324 1702 ‚
342 1629 431 1682 τίθεται
447 1628 561 1700 χρησμὸν
579 1628 632 1699 περλ
651 1633 694 1679 τοῦ
713 1628 768 1679 θεοῦ
787 1632 830 1707 τοῦ
849 1626 969 1679 ἀθανάτοϋ
987 1625 1077 1698 ἔχοντα
1096 1627 1186 1688 οθτως·

377 1732 445 1788 145.
469 1721 661 1786 Ἀθοινάτων2
676 1721 785 1811 ἀρρητε
800 1723 917 1812 παι-ἀρ,
933 1724 1045 1802 αἰώνιε,
1062 1721 1188 1813 ploret

470 1833 590 1922 κόσμων
606 1823 820 1922 ἀμιριδρόριον4
835 1832 1016 1922 ἐποχούμενε
1032 1823 1165 1897 δέσποτα
1179 1822 1284 1908 νώτοις

392 1958 395 1963 ’
469 1942 616 2032 αἰθερίοις,
632 1947 727 2017 ἀλκῆς
742 1945 789 2005 ἵνα
805 1944 867 2006 σοι5
884 1942 969 2032 ρκένος
984 1943 1173 2032 ἐστήρικται6

467 2052 554 2118 πάντ’
570 2043 789 2142 ἐπιδερκορ.ένῳ
805 2055 856 2116 καὶ
871 2050 1023 2117 ἀκοιίοντ’7
1039 2053 1124 2116 οὔασι
1139 2056 1258 2132 καλοῖς,

469 2162 557 2228 κλῦθι
571 2174 648 2227 τεῶν
663 2153 792 2242 παίδων,
808 2168 857 2238 οὓς
871 2163 980 2252 ἤροσας
996 2164 1086 2238 αὐτὸς
1100 2167 1130 2226 ἐν
1145 2163 1260 2252 ὥραιςί.

333 2258 338 2266 ’
377 2282 446 2339 150.
470 2275 524 2346 σά9
540 2275 597 2364 γάρ
613 2273 683 2356 ὑπὲρ
699 2274 811 2361 κόσμον
826 2295 861 2336 τε
876 2275 927 2336 καὶ
942 2273 1064 2362 οὐρανὸν
1080 2273 1263 2361 ἀστερόεντα

469 2394 563 2473 χρυσῆ
578 2382 748 2472 ὑπέρκειται
763 2385 863 2454 πολλὴ
878 2384 995 2459 αἰώνιος
1010 2383 1103 2463 ἀλκή,

468 2489 503 2570 ἧς
518 2494 723 2583 ὑπερῃώρησαι
730 2495 754 2533 ¹⁰
770 2495 870 2583 ὀρίνων
887 2496 965 2582 ρωτὶ
980 2494 1115 2573 σεαυτόν,

469 2603 615 2681 ἀενάοις11
631 2608 762 2693 ὀχετοῒσι
776 2603 904 2676 τιθηνῶν
920 2615 987 2668 νοῦν
999 2604 1179 2683 ἀτάλαντον,

411 2835 420 2871 ¹
440 2833 473 2889 Ut
484 2836 506 2889 A
519 2842 544 2888 et
556 2833 594 2889 St.
607 2834 737 2889 decimum
753 2834 849 2890 librum
867 2834 1052 2899 inscriberent,
1069 2833 1127 2887 fieri
1143 2832 1221 2887 facile
1236 2836 1336 2904 potuit,
1357 2838 1380 2889 si
1395 2836 1453 2889 forto

342 2920 457 2973 extincta
475 2920 556 2972 altera
572 2926 645 2990 parte
662 2922 762 2974 litterae
781 2940 811 2986 n,
829 2922 846 2974 i.
860 2939 882 2974 ε.
902 2921 962 2989 βε
974 2920 1099 2989 δευτέρου,
1117 2920 1254 2988 legebatur
1272 2939 1287 2973 ι.

410 3005 421 3038 ²
438 3006 462 3057 A
478 3003 598 3056 Ἀθάνατέ
613 3022 651 3074 τε,
670 3006 708 3058 St.
726 3004 817 3057 Ἀθάνα
834 3024 867 3059 τε.
894 3007 992 3060 Versus
1012 3006 1024 3057 l
1042 3006 1071 3057 in
1087 3005 1108 3057 L
1126 3004 1199 3057 utin
1216 3004 1248 3057 B.

410 3088 421 3123 ³
438 3090 478 3142 Ita
495 3089 613 3142 Bacchus
632 3096 738 3144 vocatur
757 3092 848 3160 μύστης
865 3092 894 3144 in
912 3091 984 3166 anth.
1000 3090 1054 3143 Pal.
1073 3091 1096 3143 9.
1114 3089 1166 3143 524
1182 3107 1206 3142 v.
1222 3090 1262 3143 13.

409 3174 421 3209 ⁴
439 3174 477 3229 st.
497 3175 591 3244 κόσμον
610 3170 792 3247 ἀμφιδρώμων,
811 3176 888 3229 vertit
899 3181 987 3228 tamen
1007 3192 1101 3245 „super
1118 3174 1223 3227 mundis
1242 3176 1456 3234 circumvertenti·

341 3259 419 3325 bus“,
438 3265 464 3313 ct
480 3260 508 3312 in
525 3261 594 3329 expl.
614 3256 777 3331 ἆμριδρόμων
795 3260 877 3313 affert.

410 3346 420 3378 ⁵
438 3345 459 3398 B
478 3342 553 3411 ἀλκῆς
571 3354 632 3415 post
649 3364 700 3414 cor,
724 3344 770 3398 sed
788 3345 905 3399 ordinem
922 3346 995 3415 vulg.
1012 3346 1127 3399 restituit
1142 3346 1235 3399 litteris
1253 3362 1335 3417 supra
1352 3348 1456 3418 scriptis.

410 3431 421 3465 ⁶
438 3429 580 3502 ἀστήρικται
597 3431 627 3484 Β.

408 3516 418 3549 ί
438 3516 477 3570 st.
496 3513 679 3587 ἔπιδερχομένῳ
692 3514 732 3567 καλ
750 3511 875 3585 ἀκούοντι,
894 3516 941 3569 sed
956 3518 1152 3587 interpretatur:
1172 3516 1300 3587 „indeque
1313 3520 1403 3571 omnia
1419 3518 1457 3570 de·

341 3600 445 3672 spicis.“
481 3602 538 3654 lota
558 3602 717 3654 novitiorum
742 3606 880 3671 poetarum
903 3602 1009 3655 licentia
1031 3602 1125 3655 elisum
1148 3591 1230 3671 quum
1249 3602 1327 3657 Hom.
1353 3603 1459 3656 dixisset

341 3686 421 3755 ἀστέρ’
435 3683 559 3757 ὀπωρινῷ.
630 3686 688 3739 ⁸In
705 3687 807 3755 vigore,
825 3687 853 3738 in
870 3687 1021 3739 firmissimo
1039 3687 1140 3739 robore.
1168 3687 1170 3689 ’
1221 3686 1291 3737 9σολ
1307 3689 1340 3743 Α.

397 3771 420 3804 ¹⁰
437 3771 468 3826 B.
483 3771 542 3841 ὑπερ
554 3770 678 3842 ᾐώρησαι,
697 3771 734 3825 st.
749 3769 809 3842 ὑπὲρ
821 3768 950 3841 ἠώρησας,
965 3774 993 3823 Α.
1006 3771 1066 3841 ὑπὲρ
1079 3770 1210 3841 αἰώρησας.
1238 3772 1307 3824 Tum
1319 3772 1351 3825 B.
1365 3774 1456 3843 δρίνων.

342 3854 453 3908 Sensus:
472 3873 549 3924 super
567 3857 662 3925 quavi
679 3856 825 3921 extolleris,
847 3858 874 3908 in
892 3858 950 3910 luce
967 3863 993 3909 tc
1010 3858 1067 3926 ipse
1083 3873 1202 3910 movens.
1237 3856 1313 3909 Thilo
1339 3858 1372 3910 de
1390 3859 1457 3910 coelo

341 3955 463 4008 empyreo
481 3940 543 3992 diss.
564 3940 576 3991 l
595 3958 621 4009 p.
635 3939 679 3993 24:
700 3939 779 4006 „dini
797 3943 901 4012 saepius
918 3944 947 3994 in
964 3958 1049 3995 oracc.
1068 3941 1204 3995 Chaldaeis
1221 3942 1396 4011 intelligibilis
1412 3943 1458 3994 vir·

341 4029 384 4076 tus
402 4024 455 4087 dei,
478 4023 593 4076 idearum
610 4025 700 4093 vigore
723 4031 749 4077 et
772 4028 873 4079 actione
897 4045 926 4080 se
947 4026 1132 4091 manifestans,
1154 4027 1294 4096 praecipue
1314 4027 1344 4080 in
1368 4028 1458 4081 animis

340 4106 477 4161 hominum
493 4109 663 4161 intellectuali
678 4111 736 4161 luce
754 4106 963 4167 collustrandis.“

398 4195 419 4227 ¹¹
439 4191 544 4253 ἀεννάοις
561 4192 596 4257 Β,
616 4188 711 4263 ὀχετοῖς
729 4195 803 4259 Ass,
822 4214 845 4247 τι
863 4197 942 4262 θήνων
955 4198 993 4252 St.
1024 4198 1096 4251 Rivis
1113 4197 1271 4268 perennibus
1289 4203 1407 4251 mentem
1422 4198 1458 4251 fo·

340 4296 417 4345 vens,
435 4284 464 4331 ut
475 4280 628 4348 aequilibrio
640 4284 770 4343 teneatur,
785 4282 802 4331 i.
815 4298 837 4333 e.
849 4284 945 4334 mentis
957 4284 1141 4352 aequilibrium
1153 4283 1323 4335 constituens.
1342 4281 1458 4353 Ὀχετοιίς

341 4364 372 4416 de
390 4364 473 4417 effusa
489 4365 589 4434 passim
600 4364 733 4417 divinitate
745 4380 823 4434 saepe
841 4366 931 4419 dicunt
940 4367 1076 4422 Platonici.
1104 4368 1250 4421 Zoroastris
1268 4384 1352 4423 oracc.
1364 4370 1456 4437 magio.

340 4466 364 4503 v.
380 4450 392 4501 1
412 4450 476 4511 δίζεο
499 4451 528 4501 σὺ
548 4448 627 4520 ψυχῆς
652 4445 753 4520 ὀχετόν,
777 4452 823 4504 ubi
838 4450 929 4505 Pletho
952 4453 1135 4524 interpretatur
1152 4451 1207 4518 ἤτοι
1224 4451 1267 4519 τὴν
1286 4450 1356 4508 ὁδόν.
1385 4452 1458 4507 Prac-

341 4534 450 4587 dicative
468 4535 564 4589 dictum
583 4541 623 4589 est
640 4532 789 4606 ἀτάλαντον,
808 4542 835 4589 et
852 4553 882 4590 eo
902 4539 1006 4606 quidem
1024 4539 1169 4601 intellectu,
1188 4554 1240 4606 quo
1259 4540 1292 4591 ab
1304 4538 1457 4608 Empedocls
