3592 5400
401 517 440 578 76
676 535 772 578 csrur
787 536 815 577 v.
838 536 879 577 on
896 536 1100 579 osscmonun
1115 537 1237 581 nnuma

462 689 512 747 Fr.
528 709 599 747 com.
616 707 751 765 anonym.
768 691 846 765 apud
861 690 1039 747 Meinekium
1060 697 1105 748 est
1126 693 1198 750 332.
1220 690 1292 750 Ood.
1305 693 1380 752 Ven.
1392 698 1438 772 κῇ
1448 712 1514 778 συγ-

399 792 575 881 κεχωρίσθαι
589 802 634 875 τῷ
649 803 771 882 χρησμῷ
788 783 921 857 δύναται.
952 798 1084 859 Correxit
1099 801 1230 878 Toupius
1246 803 1361 860 emend.
1380 804 1398 862 2
1413 825 1443 881 p.
1458 805 1512 864 207

399 930 434 967 ex
453 908 540 987 Diog.
557 909 611 968 La.
631 912 658 969 7.
679 913 712 968 3:
734 900 872 967 Ἑκάτων
893 894 927 967 δέ
948 926 1018 991 φησι
1040 903 1204 989 (Rhodius,
1226 909 1361 983 Stoicus,
1382 915 1516 973 Panaetii

328 1089 336 1101 .
398 1013 575 1098 discipulus)
592 1015 642 1075 καὶ
657 1010 855 1088 Ἀπολλώνιος
870 1018 885 1076 ὁ
902 1012 1006 1102 Τύριος
1022 1013 1154 1098 (Stoicus
1176 1021 1263 1096 primi
1282 1029 1352 1078 ante
1367 1022 1439 1083 chr.
1456 1045 1517 1084 sae·

399 1123 467 1208 culi)
483 1127 514 1186 έν
528 1123 638 1211 πρώτῳ
652 1124 719 1210 περὶ
733 1121 868 1198 Ζήνωνος
884 1123 1055 1208 (Citiensis,
1079 1131 1130 1205 qui
1145 1129 1309 1190 Stoicorum
1324 1141 1438 1192 sectam
1453 1153 1517 1194 con·

398 1240 486 1309 didit,
508 1239 568 1297 362
579 1232 711 1317 464),
734 1234 764 1295 τί
777 1232 919 1321 πράττων
935 1232 1041 1322 ἄριστα
1057 1234 1211 1317 βιώσεται,
1233 1236 1453 1325 ἀποκρίνασθαι
1466 1241 1517 1304 τὸν

400 1342 475 1422 θεόν,
491 1348 517 1405 εἰ
531 1334 731 1430 συγχρώζοιτο
745 1353 810 1418 τοῖς
821 1354 944 1431 νεκροῖς·
960 1342 1028 1408 ὅθεν
1040 1337 1163 1419 ξυνέντα
1173 1345 1215 1408 τὰ
1223 1355 1286 1409 τῶν
1301 1350 1434 1436 ἀρχαίων
1448 1352 1517 1413 ἀνα-

398 1453 559 1541 γινώσκειν.
583 1456 725 1533 Similiter
740 1456 845 1517 Suidas
862 1479 885 1518 s.
902 1480 929 1518 v.
945 1446 1211 1545 συγγρωτίζεσθαι,
1226 1462 1345 1522 brevius
1361 1464 1441 1523 idem
1455 1485 1479 1524 s.
1491 1487 1515 1524 v.

399 1562 549 1650 Αἰγυπτία
563 1563 754 1650 κληματίς“εῐ
768 1560 872 1632 Ζήνων
886 1562 1014 1638 Κιτιεύς.
1041 1571 1144 1645 Itaque
1159 1572 1310 1630 oraculum
1324 1575 1458 1633 oratione
1473 1595 1516 1634 so-

399 1679 462 1736 luta
476 1677 589 1748 datum,
604 1679 765 1737 iamborum
780 1679 903 1738 vinculis
918 1700 936 1738 a
950 1686 1038 1757 poeta
1052 1681 1161 1738 comico
1176 1682 1367 1742 constrictum
1381 1683 1501 1743 videtur.

936 1878 984 1932 ll.

463 2009 582 2070 Oraculi
596 2009 696 2085 Pythii
711 2010 742 2066 in
756 2009 906 2067 Neronem
919 2009 1004 2068 facti:

600 2111 716 2202 Νέρων,
733 2110 889 2201 Ὀρέστης,
906 2110 1077 2202 Ἀλκμέων1
1092 2114 1291 2202 μητροκτόνον

400 2231 531 2306 quamvis
547 2225 604 2286 n'on
616 2237 776 2299 auctorem,
791 2237 823 2286 at
833 2229 974 2306 originem
985 2230 1016 2286 in
1028 2248 1129 2289 comm.
1142 2230 1178 2288 de
1189 2231 1298 2292 noviss.
1314 2252 1410 2292 oracc.
1423 2242 1515 2293 aetate

399 2342 517 2416 p.4sq.
538 2339 671 2397 indicavi.
706 2317 841 2397 Obtinuit
863 2340 980 2414 quidem
1001 2340 1080 2398 Nero
1102 2341 1229 2417 Delphis
1251 2362 1443 2418 responsum,
1467 2346 1514 2403 sed

399 2450 540 2520 faustum3
556 2469 607 2507 cur
621 2450 759 2525 templum
774 2449 951 2526 Delphicum
965 2457 1068 2526 postea
1082 2451 1235 2522 diruisset,
1252 2453 1300 2510 vel
1316 2451 1475 2513 Suetonius
1489 2463 1515 2511 et

401 2559 521 2618 Cassius
535 2559 594 2617 Dio
609 2560 782 2636 ignorabant
787 2583 795 2632 3
818 2568 940 2635 uterque
953 2560 1037 2618 illum
1052 2580 1167 2619 versum
1181 2563 1317 2638 populari
1333 2564 1515 2622 cavillatione

400 2672 511 2730 Romae
526 2671 601 2753 clam
615 2670 645 2727 in
660 2671 820 2748 parietibus
839 2671 1012 2747 inscriptum
1032 2690 1111 2742 esse,
1135 2673 1324 2750 cognitosque
1346 2693 1413 2735 esse
1433 2694 1514 2751 quos·

400 2783 480 2852 dam,
497 2781 547 2857 qui
561 2782 795 2857 inscripsissent,
810 2782 909 2840 tradit.

939 2977 986 3036 12.

462 3111 577 3187 Lepida
591 3080 699 3169 oraculi
714 3112 749 3169 de
762 3110 881 3171 Socrate
895 3112 957 3169 dati
971 3112 1095 3170 historia
1109 3119 1154 3170 est
1165 3121 1194 3170 et
1205 3114 1428 3174 incrementum.
1451 3118 1516 3193 Ipse

400 3223 518 3299 sapiens
534 3223 565 3280 in
580 3223 656 3281 Plat.
670 3223 745 3298 apol.
761 3224 778 3280 5
794 3230 908 3280 narrat:
925 3220 1043 3279 ἀνεῖλεν
1058 3209 1110 3278 οὖν
1124 3220 1143 3287 ἠ
1159 3215 1272 3296 Πυθία,
1295 3208 1413 3305 μηδένα
1428 3212 1516 3311 (ἐμοῦ)

400 3327 568 3415 σοφώτερον
581 3323 667 3405 εἶναι,
683 3340 712 3390 et
723 3334 754 3390 in
765 3334 816 3391 Ps.
832 3333 969 3408 Xenoph.
981 3333 1116 3411 apologia
1130 3335 1183 3390 14:
1200 3330 1317 3391 ἀνεῖλεν
1329 3333 1345 3391 ὁ
1357 3328 1516 3408 Απόλλων,

400 3427 514 3525 μηδένα
530 3435 604 3500 εἶναι
619 3433 772 3525 ἄνθρωπον
787 3441 860 3524 ἐμοῦ
877 3436 954 3525 μήτε
969 3434 1212 3525 ἐλευθεριώτερον
1233 3440 1310 3525 μήτε
1332 3428 1517 3528 δικαιώτερον

400 3547 477 3635 μήτε
493 3547 734 3636 σωφρονέστερον.
764 3552 843 3611 Num
858 3551 955 3608 datum
972 3552 1011 3610 sit
1026 3553 1187 3623 oraculum,
1209 3572 1268 3612 non
1283 3557 1422 3631 estquod
1436 3558 1517 3615 dubi·

400 3671 444 3722 tes
450 3685 458 3734 3
475 3664 526 3721 sed
542 3664 672 3721 oratione
687 3665 783 3722 soluta
797 3663 912 3720 ridetur
925 3663 1023 3720 datum
1039 3681 1113 3721 esse.
1144 3664 1326 3723 Posteriores
1343 3673 1441 3724 tamen
1456 3686 1516 3725 ver-

400 3792 464 3831 sum
480 3774 717 3831 efformaveruntz

638 3868 751 3965 ἀνδρῶν
766 3874 909 3940 ἁπάντων
923 3875 1088 3964 Σωκράτης
1102 3875 1277 3965 σοφώτατος

400 3991 598 4068 Diog.La.H
613 3992 640 4050 5.
657 3994 704 4051 18.
719 3995 769 4051 37.
789 3992 911 4051 Lucian.
927 4012 1016 4051 amor.
1033 3995 1084 4051 48.
1106 3993 1289 4069 Porphyrius
1303 3993 1355 4053 vit.
1370 3995 1451 4054 Plot.
1469 3998 1516 4054 22.

400 4100 530 4159 Iustinus
551 4108 661 4177 martyr
679 4104 742 4160 coh.
764 4104 801 4160 ad
822 4103 926 4162 Graec.
949 4121 1011 4179 cap.
1026 4104 1065 4162 36
1081 4123 1110 4179 p.
1124 4104 1163 4161 33
1176 4120 1200 4161 c.
1221 4102 1266 4160 cd.
1284 4101 1387 4164 Colon.
1411 4105 1517 4164 Latine

470 4307 479 4338 ¹
502 4305 597 4358 Forma
613 4306 700 4357 Attica
716 4323 762 4375 pro
781 4285 931 4373 Ἀλκμαίων.
966 4306 1000 4357 Et
1016 4308 1163 4376 legitimam
1180 4311 1270 4358 censet
1287 4312 1314 4359 et
1330 4308 1421 4361 multis
1440 4310 1518 4379 scrip·

401 4396 488 4443 torum
506 4391 633 4459 exemplis
651 4407 667 4441 a
683 4390 814 4442 Meinekio
832 4390 865 4443 fr.
880 4406 946 4442 com.
959 4389 1002 4441 111.
1015 4408 1040 4459 p.
1052 4392 1099 4443 106
1112 4408 1151 4460 sq.
1167 4391 1268 4443 collatis
1288 4392 1429 4444 confirmat
1439 4394 1518 4462 Wag-

401 4492 448 4527 ner
466 4475 498 4525 ad
516 4475 603 4545 Eurip.
621 4475 652 4527 fr.
665 4474 699 4529 90
717 4475 757 4529 ed.
770 4474 875 4528 Vratisl.
889 4489 912 4528 a.
929 4473 1001 4528 1844.
1037 4476 1151 4528 Probent
1167 4475 1282 4528 (irameri
1298 4477 1389 4529 anecd.
1403 4476 1488 4530 Oxou.
1503 4477 1518 4528 2

401 4577 426 4632 p.
440 4557 498 4611 337.
510 4559 534 4611 4.
