3592 5400
803 652 913 698 roras.
1304 638 1346 701 43

377 850 445 919 τοῖς
480 845 571 920 ἐκτὸς
603 844 826 909 ἀποτίθεσθαι
856 846 900 920 ῶς
930 848 949 909 o‘
980 843 1097 924 wolde,
1129 851 1207 928 μήτε
1239 844 1274 911 ἐν
1306 854 1347 930 τῇ

377 991 469 1069 ψυχῇ
497 989 598 1065 μόνον
622 985 665 1058 ῶς
688 986 707 1047 o‘
729 981 884 1049 Πλάτων.
918 984 984 1050 MS.
1006 984 1114 1050 Versio
1137 985 1176 1049 V.
1199 985 1234 1050 L.
1260 985 1347 1051 dicul

376 1124 554 1206 Polyaenus
583 1124 659 1189 dicit
689 1146 743 1210 pro
773 1125 816 1198 ῶς
846 1122 998 1200 duelle-
1024 1125 1082 1190 Sed
1105 1123 1178 1211 quid
1201 1123 1346 1190 hocloco

375 1262 566 1348 Polyaenus?
590 1263 689 1327 Nemo
712 1285 782 1328 sane
805 1262 998 1328 Macedonem
1023 1262 1205 1348 Polyaenum
1230 1285 1287 1329 sec.
1307 1263 1346 1328 V.

376 1401 538 1477 rhetorem,
568 1401 817 1488 Strategematum
850 1401 1024 1489 scriptorem
1047 1401 1177 1488 intelligi
1200 1401 1280 1466 velit.
1303 1404 1347 1467 At

376 1541 436 1606 fuit
458 1541 536 1606 inter
559 1541 670 1605 amicos
693 1545 724 1604 et
747 1546 908 1606 sectatores
930 1541 1071 1628 Epicuri,
1094 1562 1170 1627 quos
1189 1541 1240 1606 hio
1260 1542 1347 1607 rivus

375 1679 408 1743 in
431 1679 571 1744 convictu
594 1676 715 1757 habuit,
744 1685 880 1745 mortuus
905 1681 1097 1746 admiratores
1122 1686 1261 1768 expertus
1286 1685 1347 1757 est,

325 1816 329 1823 ’
375 1817 452 1883 alius
470 1816 638 1903 Polyaenus
659 1817 742 1905 (Vid.
761 1818 856 1884 Jacob
878 1819 1022 1896 Brucker,
1044 1820 1147 1884 Instit.
1167 1819 1250 1884 Hist.
1275 1817 1346 1883 Phi·

374 1957 428 2022 los.
460 1957 496 2021 de
524 1955 712 2045 philosophia
742 1958 931 2022 Graecorum.
962 1957 1029 2023 Lib.
1061 1959 1105 2022 II.
1128 1957 1161 2023 Ο.
1186 1960 1236 2022 13.
1262 1959 1280 2042 b
1303 1959 1348 2042 4).

377 2095 484 2171 Hunc,
513 2095 623 2182 quippe
653 2096 705 2181 qui
731 2095 832 2160 seculo
854 2097 914 2160 fere
937 2101 1005 2183 post
1028 2097 1119 2173 vixit,
1141 2097 1205 2183 ipse
1227 2097 1347 2161 Aristo·

374 2199 449 2300 tetes
471 2257 660 2321 oppugnasse
683 2234 741 2298 diei
766 2236 886 2320 nequit,
910 2235 961 2300 sed
981 2237 1111 2323 respexit
1129 2236 1254 2301 tortasse
1276 2257 1345 2300 nos-

373 2380 420 2439 ter
440 2375 473 2437 in
497 2373 728 2438 consarcinanda
750 2373 806 2438 hac
829 2374 898 2439 vita.
922 2373 1001 2439 Fieri
1025 2380 1140 2461 potest3
1162 2379 1193 2438 et
1216 2374 1260 2438 sic
1283 2373 1347 2438 bio·

374 2512 505 2600 graphas
527 2512 564 2576 ad
587 2535 637 2576 eos
656 2510 779 2599 Epicuri
797 2509 1010 2578 obtrectatores
1029 2513 1191 2600 pertinuit,
1210 2513 1262 2598 qui
1280 2513 1348 2600 pbi-

373 2649 530 2738 losophum
565 2649 646 2715 banc
679 2649 835 2737 quibusvis
873 2649 1040 2737 opprobriis
1074 2650 1275 2729 cumulantes,
1309 2657 1346 2718 nt

374 2791 446 2856 fecit
468 2789 549 2853 Zeno
571 2810 639 2853 cnm
663 2794 726 2853 tota
747 2788 876 2867 familia,
898 2790 1010 2876 quique
1032 2789 1151 2855 Sto'r'eos
1174 2789 1347 2855 inconside-

374 2934 437 2994 rate
454 2933 556 3015 postea
578 2928 673 2992 secuti
696 2934 768 2993 sunt
791 2928 847 2993 viri
871 2931 968 2994 cetera
987 2926 1172 3005 doctissimi,
1193 2928 1273 2994 inter
1296 2926 1347 2993 ab·

375 3067 464 3133 surda
486 3065 544 3132 alia
567 3088 633 3132 eum
658 3069 717 3146 τὴν
741 3064 954 3149 εὐδαιμονίαν
975 3064 1011 3131 ἐν
1033 3073 1102 3140 τοῖς
1123 3066 1213 3140 ἐκτὸς
1229 3065 1347 3130 οἰποτί-

375 3212 507 3281 θεσθαιΔ
529 3205 677 3269 dixerunt.
705 3204 763 3269 Sed
793 3227 868 3290 quae
897 3206 975 3270 ratio
1004 3210 1108 3270 nostro
1138 3227 1202 3270 esse
1231 3205 1347 3291 potuit,

373 3349 420 3420 ut,
446 3343 611 3431 Epicurum
634 3347 755 3429 tangere
776 3344 803 3406 si
827 3342 969 3420 voluerit,
992 3365 1045 3430 pro
1068 3343 1213 3429 magistro
1236 3364 1346 3407 nomen

375 3480 514 3569 discipuli
538 3480 679 3566 Polyaeni
699 3479 864 3546 scriberet?
885 3480 995 3546 Sunius
1013 3479 1087 3566 quid
1106 3480 1346 3566 circumspicien-

374 3620 454 3685 dum.
483 3619 600 3706 Nempe
630 3640 722 3704 quum
754 3620 820 3683 τῶν
852 3616 983 3683 πολλῶν
1016 3619 1074 3684 ista
1104 3640 1219 3706 semper
1245 3618 1348 3705 opinio

373 3759 478 3833 fuerit,
500 3758 587 3823 sitam
611 3779 675 3821 esse
698 3760 758 3838 τὴν
783 3755 997 3839 εὐδαιμονίαν
1022 3758 1057 3823 ἐν
1078 3762 1146 3831 τοῖς
1170 3758 1272 3834 ἐκτός,
1292 3755 1344 3821 hic

373 3894 543 3983 philosophi
574 3894 729 3979 cujusdam
759 3896 880 3961 nomine
909 3896 986 3961 nihil
1016 3918 1092 3984 opns
1114 3901 1175 3973 est,
1197 3901 1243 3972 et,
1265 3895 1347 3981 quod

373 4035 482 4121 recepi,
508 4034 653 4121 scriptum
675 4034 768 4099 fnisse
790 4039 863 4122 puto
881 4035 925 4108 ῶς
947 4036 965 4095 ό
988 4031 1087 4109 πολύς
1111 4030 1217 4119 ὄχλος.
1242 4034 1294 4098 Sic
1317 4056 1344 4099 a.

372 4195 397 4238 ο.
426 4174 491 4260 ipse
521 4170 700 4238 Aristoteles
730 4172 762 4236 in
793 4171 892 4238 Ethic.
925 4173 1046 4238 Nicom.
1074 4173 1098 4237 I.
1123 4177 1152 4238 2.
1175 4172 1207 4236 οἱ
1230 4169 1346 4236 πολλοὶ

371 4312 452 4377 alind
475 4312 549 4397 quid
574 4309 789 4392 εὐδαιμονίαν
812 4310 990 4398 intelligunt
1013 4334 1100 4397 quum
1124 4311 1156 4374 οἱ
1179 4312 1271 4394 σοφοὶ
1283 4358 1293 4388 ,
1315 4310 1348 4373 οἱ

371 4452 431 4531 μὲν
456 4452 517 4533 γὰρ
540 4451 606 4515 τῶν
633 4450 781 4534 ἐναργῶν
805 4473 837 4512 τι
862 4452 917 4511 καὶ
942 4450 1092 4533 φανερῶν
1114 4440 1184 4511 οἷον
1207 4445 1344 4528 ἡδονὴν,
