3592 5400
343 687 376 733 111
714 684 946 732 Ρ110111601111111.

343 882 428 944 1631
456 879 490 967 ¹).
515 879 606 945 Hanc
629 879 725 958 anim,
749 901 825 965 quae
849 878 941 966 vulgo
964 878 1076 944 dicitur
1095 880 1323 946 verriccetuetc

342 1020 461 1086 Latino
493 1041 561 1084 cum
593 1024 697 1084 nostra
727 1018 841 1084 inedita
872 1019 987 1084 Graeca
1010 1041 1198 1106 comparans,
1222 1017 1322 1083 obser·

343 1159 494 1224 varicem
519 1157 622 1246 paucis
647 1158 779 1245 exceptis
802 1157 875 1223 adeo
898 1159 1028 1223 Graecae
1051 1163 1169 1223 nostrae
1192 1181 1255 1224 esse
1279 1158 1321 1223 si-

343 1297 458 1372 milem,
489 1304 524 1363 ut
555 1297 685 1363 dubitari
718 1299 769 1364 vix
800 1298 912 1386 possit,
943 1299 1017 1384 quin
1048 1304 1153 1364 auctor
1175 1298 1321 1363 versionis

344 1437 394 1522 (de
424 1460 484 1523 quo
508 1438 698 1523 caeteroquin
721 1436 797 1502 nihil
823 1438 954 1523 constat)
978 1444 1114 1503 noctram
1136 1459 1198 1502 non
1223 1437 1318 1502 ausim

342 1577 440 1642 dicere
462 1577 571 1642 Latine
593 1578 731 1655 verterit,
754 1578 806 1642 aed
830 1582 909 1643 certe
932 1577 1067 1665 proxime
1089 1576 1233 1653 similem,
1257 1577 1322 1642 sive

342 1717 553 1794 vetustiorem,
585 1739 622 1782 ex
651 1739 710 1803 qua
737 1721 839 1782 nostra
869 1715 929 1781 fuit
953 1715 1104 1794 desumta,
1127 1716 1190 1781 sive
1212 1738 1321 1782 novam

341 1880 378 1922 ex
402 1861 506 1922 nostra
528 1857 687 1922 conflatam
711 1860 748 1939 1).
772 1855 930 1921 Interdum
949 1857 1066 1943 integra
1087 1854 1175 1921 habet
1199 1857 1321 1922 nomina

340 1996 474 2084 propria,
506 1995 552 2060 vel
584 2017 728 2060 annorum
753 2017 909 2072 numeros,
928 2017 1004 2081 quac
1026 1996 1059 2060 in
1081 1999 1184 2060 nostra
1206 1995 1322 2062 Graeca

340 2133 400 2221 legi
435 2155 496 2197 non
528 2137 669 2220 possunt:
701 2134 872 2220 saepissime
903 2133 1013 2199 Latino
1044 2134 1157 2199 Graece
1179 2135 1321 2200 vertendo

340 2273 384 2337 ita
412 2272 533 2337 lacunas
565 2272 717 2359 supplevi,
750 2277 783 2338 ut
814 2273 944 2359 spatium
966 2273 999 2337 in
1022 2273 1136 2339 Gracco
1160 2274 1321 2361 exemplari

342 2432 469 2477 vacuum
489 2410 629 2476 relictum
647 2410 799 2499 impleant.
817 2411 889 2477 Alia
910 2417 1050 2499 corrupta
1069 2411 1148 2499 apud
1168 2417 1321 2491 nostrum,

341 2632 560 2642 ..---

377 2773 1323 2842 &fflddwmfflfflAEprmmffiwfflwmmffi

342 2891 399 2940 haec
423 2891 467 2953 (sc.
486 2890 721 2951 Pseudo-Ammonii)
739 2891 788 2942 rita
804 2891 940 2943 Aristotelis
957 2894 1046 2942 Graece
1063 2896 1088 2942 et
1105 2892 1188 2943 Latine
1206 2910 1321 2945 unacum

341 3007 415 3057 veteri
440 3006 594 3057 translatione
620 3011 644 3057 ct
671 3008 737 3057 Patri
763 3007 863 3058 Joannie
887 3008 1008 3058 Nunneeii
1029 3008 1121 3059 erudito
1146 3010 1321 3062 Commentario

341 3124 487 3187 Lugd-Brt.
513 3123 576 3174 1631
602 3128 668 3186 (cura
691 3124 769 3174 Lucae
793 3123 928 3187 Holeterrii,
947 3128 974 3175 ut
990 3126 1041 3189 ipse
1057 3125 1137 3176 innuit
1154 3127 1180 3176 in
1198 3126 1276 3178 libello
1294 3129 1323 3179 de

342 3241 392 3292 vita
413 3242 436 3289 et
454 3239 548 3306 scriptis
566 3240 695 3306 Porphyrii
713 3241 771 3306 Cap.
790 3240 817 3304 Ι)
834 3244 858 3289 ct
875 3240 1018 3291 Helmstadii
1034 3241 1106 3291 1666.
1125 3242 1156 3291 In
1174 3243 1261 3293 edenda
1278 3244 1322 3295 hac

343 3358 456 3408 Versione
480 3358 510 3406 V.
535 3357 563 3406 L.
588 3357 645 3407 edit.
672 3358 697 3407 J.
715 3358 821 3423 Theoph.
840 3355 923 3407 Buhlii
940 3374 994 3423 pag.
1013 3360 1053 3407 54.
1072 3361 1165 3409 secutus
1183 3376 1243 3410 snm.
1261 3361 1320 3421 Sed,

341 3474 421 3525 labore
443 3476 492 3523 fere
514 3476 622 3539 peracto,
650 3473 750 3540 contigit
773 3474 831 3523 mihi
843 3474 950 3539 primam
968 3473 1038 3539 hujus
1056 3476 1178 3526 Versionis
1196 3477 1322 3527 editionem

342 3590 471 3656 inspicere,
490 3606 561 3655 quam
579 3590 643 3640 dedit
660 3591 688 3640 P.
707 3591 733 3640 J.
751 3590 888 3641 Nunnesiue
904 3591 1078 3654 Laud-Butam
1094 3609 1155 3644 anno
1171 3594 1245 3644 1621.
1265 3594 1323 3645 Vita

342 3706 481 3759 Aristotelia
495 3707 715 3773 Peripateticorum
727 3708 846 3774 principie
858 3724 902 3773 per
917 3708 1081 3770 Ammontem,
1097 3725 1138 3761 reu
1146 3711 1320 3776 Philoponcm,

342 3824 428 3874 addita
444 3828 522 3875 cetere
538 3824 739 3889 interpretatione
755 3826 846 3875 Latina
865 3828 934 3891 lcnqe
951 3828 1072 3887 auctiore,
1092 3844 1156 3878 nunc
1170 3827 1276 3893 primum
1291 3846 1321 3881 ee

342 3940 395 3988 MS.
414 3941 494 3999 edita,
515 3957 569 3991 cerm
586 3941 699 4006 copiosis,
719 3948 744 3992 et
761 3943 864 3993 eruditio
880 3944 979 3994 scholiis
1000 3943 1028 3994 V.
1049 3946 1074 3993 0.
1089 3946 1144 3995 Pet.
1163 3945 1235 3996 Joan.
1251 3949 1320 3998 Nun·

342 4057 394 4107 neri
430 4056 561 4109 Valentini.
595 4058 709 4124 lugduni
740 4060 906 4121 Batavorum,
937 4062 1004 4126 apud
1033 4061 1151 4113 ,Ioannem
1177 4062 1321 4129 Diepkcrrt,

342 4190 405 4226 anno
424 4176 499 4225 1621.

376 4294 399 4352 ¹)
417 4291 500 4341 Verrio
516 4292 608 4342 vetusta
625 4292 710 4343 Latina
726 4308 770 4359 pro
789 4295 856 4358 parte
875 4294 964 4359 optime
983 4296 1095 4346 convenit
1112 4314 1165 4347 cum
1184 4296 1323 4365 biographia

342 4408 580 4469 Pseudo-Ammonii,
606 4410 646 4458 sed
670 4409 715 4459 alia
741 4410 815 4460 multo
839 4411 920 4473 addit,
945 4428 1006 4477 quae
1028 4414 1103 4479 petitu
1126 4416 1183 4464 sunt
1200 4431 1227 4465 ex
1242 4419 1323 4467 nostra

341 4524 444 4585 inedita,
463 4527 487 4575 et
505 4525 530 4575 in
548 4525 591 4576 hae
608 4525 657 4577 sola
674 4526 837 4578 inveniuntur.
