3592 5400
309 501 371 565 228
567 518 811 563 anolrsuanruu
831 521 872 562 iv.
902 520 944 562 on
958 519 1166 564 oaanonmus.

307 676 418 754 primus
438 673 643 750 interposuit*.
680 674 835 752 Angustin.
856 675 892 734 de
913 675 966 732 civ.
987 674 1035 732 dei
1058 677 1106 745 10,
1123 675 1152 745 9,
1169 675 1203 733 2:
1228 675 1430 753 „Porphyrius

309 780 357 866 (de
364 770 479 845 animae
490 778 635 862 regressu)
644 826 666 842 ..
680 785 872 862 theurgiam..
885 785 986 843 utilem
998 785 1069 842 dicit
1080 803 1145 844 esse
1156 786 1342 845 mundandae
1353 787 1431 865 parti

308 898 433 968 animae,
445 916 503 954 non
515 896 630 970 quidem
642 895 841 965 intellectuali,
854 913 912 970 qua
922 915 1017 953 rerum
1028 895 1259 974 intelligibilium
1269 895 1433 974 percipitur

308 1009 425 1079 veritas,
442 1008 538 1065 nullas
553 1006 720 1064 habentium
736 1005 942 1064 similitudines
958 1025 1119 1082 corporum,
1136 1007 1189 1065 sed
1199 1006 1358 1084 spirituali,
1374 1026 1432 1083 qua

310 1119 502 1196 corporalium
522 1136 618 1175 rerum
638 1115 792 1191 capiuntur
809 1115 962 1192 imagines.
991 1116 1078 1174 Hanc
1097 1117 1175 1175 enim
1190 1117 1261 1175 dicit
1275 1137 1329 1194 per
1343 1137 1431 1195 quas·

309 1232 375 1288 dam
396 1227 628 1288 consecrationes
649 1227 827 1304 theurgicas,
851 1243 924 1300 quas
946 1226 1049 1284 teletas
1069 1235 1187 1297 vocant,
1210 1227 1347 1287 idoneam
1366 1229 1432 1287 fieri

308 1348 396 1414 atquc
407 1347 505 1416 aptam
518 1337 695 1413 susceptioni
707 1337 860 1413 spirituum
872 1343 902 1394 et
913 1337 1079 1413 angelorum
1091 1344 1121 1395 et
1131 1337 1169 1396 ad
1177 1338 1316 1397 videndos
1327 1335 1429 1399 deos.“

308 1450 548 1518 intellectualem,
565 1468 651 1524 quam
666 1455 762 1517 vocat,
782 1454 895 1522 partem
911 1454 1078 1524 contemptu
1092 1467 1188 1506 rernm
1202 1449 1386 1509 terrestrium
1402 1459 1432 1507 et

309 1562 446 1618 continua
465 1560 513 1617 dei
536 1558 779 1635 contemplatione
799 1557 876 1615 uniri
897 1576 963 1616 eum
982 1557 1037 1616 deo
1052 1558 1198 1617 interdum
1214 1566 1284 1617 ante
1299 1561 1430 1636 corporis

308 1678 445 1741 mortem,
460 1676 600 1746 perpetuo
616 1675 827 1744 postmortem.

372 1781 467 1839 Malos
487 1780 576 1858 igitur
595 1780 749 1838 daemones
770 1786 838 1836 tunc
857 1778 977 1836 numina
997 1799 1061 1839 esse
1080 1782 1216 1855 putabat,
1239 1781 1291 1840 sed
1312 1780 1373 1843 iam
1395 1785 1431 1842 de

309 1893 384 1950 abst.
402 1891 436 1960 2,
459 1892 498 1949 46
516 1873 654 1972 δαιμόνια
669 1882 757 1946 ditari
779 1898 869 1948 vocat.
901 1889 1029 1948 Eosdem
1043 1890 1223 1966 provectiore
1236 1900 1336 1951 aetate
1351 1895 1431 1973 cupi·

309 2002 415 2059 ditates
428 2009 457 2059 et
467 2001 699 2077 perturbationes
711 1999 801 2056 animi
814 1999 906 2058 nostri
918 2000 1045 2071 censuit,
1058 2000 1250 2061 subodoratus
1260 2022 1431 2080 germanam

308 2112 441 2172 Platonis
457 2111 630 2186 opinionem.
661 2112 707 2168 Ita
721 2110 757 2167 ad
772 2111 942 2168 Marcellam
961 2113 995 2168 ll
1014 2118 1043 2168 et
1058 2111 1095 2169 21
1117 2118 1147 2168 et
1160 2111 1197 2168 ad
1213 2112 1367 2173 Timaeum
1383 2134 1430 2190 ap.

308 2222 466 2281 Proculum
481 2221 557 2279 Tim.
573 2241 602 2296 p.
617 2223 655 2279 53
665 2240 695 2278 a:
719 2203 773 2277 δύο
788 2213 845 2303 γαρ
861 2211 935 2276 εἶναι
951 2204 1101 2303 δαιμόνων
1116 2205 1198 2296 εἴδη,
1217 2217 1290 2291 τοὺς
1304 2216 1360 2306 μὲν
1376 2213 1430 2304 ψυ-

309 2323 379 2413 χάς,
394 2324 430 2387 τὰ
447 2320 472 2386 δ’
488 2322 588 2410 ἕτερον
602 2323 742 2411 τρόπους·
754 2319 837 2385 ,εἶναι
853 2312 887 2385 δὲ
901 2324 1028 2399 τούτους
1043 2325 1146 2400 ὑλικοὶς
1161 2315 1316 2412 δυνάμεις,
1338 2350 1430 2391 κακο·

308 2434 411 2508 ποιοὺς
425 2443 480 2508 τῆς
495 2426 597 2521 ψυχῆς.
626 2437 674 2495 De
689 2439 771 2497 bonis
786 2439 824 2495 ad
838 2440 929 2497 Marc.
944 2441 998 2499 21:
1014 2436 1085 2498 εἰσὶν
1100 2433 1228 2524 ἄγγελον
1241 2435 1315 2501 θεῖοί
1329 2461 1365 2501 τε
1380 2439 1430 2502 καὶ

310 2543 419 2636 ἀγαθοὶ
436 2536 574 2633 δαίμονες
589 2541 722 2617 ἐπόπται
732 2550 793 2605 τῶν
807 2543 1108 2631 πραττομένωνγοῦς
1126 2547 1177 2608 καὶ
1191 2545 1295 2610 λαθεῖν
1310 2548 1430 2636 ἀμήχα-

310 2678 367 2719 νον.
391 2654 545 2740 (Similiter
560 2650 723 2737 epinomis.)
745 2658 844 2718 Bonos
859 2659 947 2718 hosce
960 2659 992 2717 in
1006 2660 1061 2720 duo
1076 2681 1182 2739 genera
1196 2661 1348 2722 disiunxit.
1372 2667 1430 2724 Au·

308 2773 417 2849 gustin.
433 2772 469 2829 de
485 2772 537 2830 civ.
555 2771 601 2829 dei
619 2772 646 2841 2,
663 2771 717 2829 26:
736 2766 902 2847 „Angelos“
919 2770 1100 2847 Porphyrius
1115 2772 1152 2830 de
1166 2792 1302 2850 regressu
1316 2775 1431 2834 animae

312 2882 404 2955 „alios
421 2901 485 2940 esse
500 2882 581 2951 dixit,
597 2881 647 2956 qui
662 2881 796 2939 deorsum
812 2880 1022 2939 descendentes
1037 2881 1203 2941 hominihus
1214 2884 1374 2961 theurgicis
1389 2885 1430 2944 di·

309 2992 378 3050 vina
391 2992 594 3067 pronuntient,
610 2991 684 3048 alios
699 2997 810 3060 autem,
831 2991 927 3065 quiin
943 2991 1029 3051 terris
1045 3011 1089 3063 ea,
1105 3012 1179 3069 quae
1193 2993 1287 3069 patris
1302 3003 1386 3066 sunt,
1402 3002 1431 3053 et

309 3099 493 3159 altitudinem
516 3100 578 3160 eius
603 3100 888 3177 profunditatemque
914 3099 1095 3162 declarent.“
1133 3104 1205 3162 Illos
1230 3104 1429 3183 Archangelos

309 3213 486 3290 appellabat.
506 3212 648 3272 Proculus
663 3212 700 3269 ad
715 3212 792 3271 Tim.
809 3231 838 3288 p.
852 3213 891 3271 47
901 3232 932 3270 a:
948 3203 988 3270 Ὀ
1001 3205 1123 3296 μὲνγὰρ
1135 3206 1296 3296 φιλόσοφος
1308 3208 1430 3298 Πορφύ-

310 3340 368 3406 ριος
390 3316 470 3381 οὕτω
491 3306 703 3381 διατάττων
727 3316 798 3391 τοὺς
818 3314 871 3406 μὲν
892 3314 986 3405 ἱερέας
1006 3319 1165 3406 ἀναλογεῖν
1184 3328 1247 3393 τοῖς
1267 3320 1298 3383 ἐν
1315 3322 1429 3409 οὐρανῷ

310 3427 508 3518 ἀρχαγγέλοις
521 3426 735 3517 τετραμμένοις
749 3426 820 3516 πρὸς
835 3423 933 3507 θεούς,
949 3420 991 3490 ὧν
1006 3432 1076 3491 εἰσιν
1092 3424 1226 3517 ἄγγελοι.

371 3545 552 3622 Porphyrius
567 3544 656 3623 igitur
669 3550 815 3620 postremo
830 3544 1074 3621 archangelos
1094 3543 1243 3621 distinxit,
1264 3547 1427 3625 angelos,

309 3653 509 3714 daemones.
527 3654 584 3716 Sed
596 3654 706 3713 maiore
716 3654 747 3712 in
755 3654 831 3711 diem
843 3653 958 3731 argutia
968 3673 1076 3731 genera
1086 3654 1337 3744 discernebantur,
1352 3658 1428 3716 velut

309 3784 360 3825 sex
374 3783 393 3823 a
406 3765 561 3825 Proculo
576 3767 614 3824 ad
628 3766 707 3824 Plat.
722 3764 817 3824 Aleib.
832 3764 960 3841 priorem
975 3758 1030 3842 (ed.
1047 3762 1167 3824 Causin.
1182 3773 1253 3825 tom.
1271 3768 1288 3826 2
1304 3788 1334 3844 p.
1348 3760 1426 3845 193),

215 3863 219 3871 ’
309 3894 412 3934 norem
426 3896 445 3934 a
459 3875 603 3952 Dionysio
618 3877 796 3953 Areopagita
810 3875 846 3932 de
864 3875 985 3934 caelesti
1005 3868 1348 3953 hierarchia·(imprimis
1367 3878 1426 3947 1,4

310 3993 339 4042 et
354 4003 416 4060 cap.
430 3986 459 4055 9,
478 3987 492 4043 1
508 3993 537 4042 et
549 3978 594 4063 2),
610 4004 695 4061 quem
711 3986 756 4043 vel
771 3985 859 4043 bodie
873 3985 1006 4044 doctrina
1020 3986 1163 4044 catholiea
1176 3987 1319 4062 sequitur.
1347 3988 1427 4047 Haec

309 4095 406 4153 omnia
426 4095 585 4154 artificiosa
605 4096 845 4183 interpretatione
867 4116 903 4154 ex
924 4096 1057 4155 Platonis
1079 4097 1224 4155 fluxerunt
1243 4096 1367 4159 fabulis:
1392 4114 1425 4155 ex

310 4206 420 4264 oriente
439 4206 500 4264 fere
520 4205 594 4263 nihil
610 4206 820 4265 assumebatur.
850 4205 985 4310 Namgue
1000 4206 1097 4265 Iudaei
1118 4207 1156 4266 ab
1176 4207 1244 4266 aliis
1263 4208 1423 4285 principiis,

309 4335 344 4374 ac
357 4318 471 4392 reliqui,
486 4317 608 4394 profecti
623 4318 721 4374 decem
737 4317 908 4376 daemonum
922 4335 1030 4395 genera
1044 4318 1271 4391 constituerant3
1287 4316 1424 4378 Chaldaei

323 4541 340 4596 h
377 4462 390 4490 *
407 4462 446 4516 cf.
457 4463 510 4516 Dit.
521 4462 690 4516 Tiedemanni
709 4461 888 4531 quaestionem
906 4461 937 4515 de
953 4436 1052 4516 artibus
1064 4462 1183 4532 magicis.
1206 4460 1422 4535 Marpurg.l'18'l.

309 4561 322 4596 ο
342 4546 377 4598 ,4
394 4562 418 4614 p.
431 4546 472 4600 81.
