3592 5400
797 536 838 577 uu
853 535 1006 578 Laccuris.
1396 514 1455 577 201

336 700 457 749 auctore
468 690 617 766 Stephano
629 690 700 766 Byr.
714 709 738 749 s.
750 680 862 767 ''l'ltioa
874 692 1043 767 supradixi.
1067 691 1214 749 Telmessi
1225 708 1340 765 quoque
1351 691 1457 766 Apollo

337 803 490 860 colebatur
503 797 617 877 (Steplr.
633 794 730 877 ibid.);
751 802 814 859 cius
835 803 914 859 urbis
937 802 1014 859 cives
1034 802 1212 859 divinatione
1232 820 1266 858 ac
1281 801 1457 859 somniorum

337 914 546 990 signorumque
557 912 719 969 divinorum
731 912 974 988 interpretatione
985 913 1117 990 insignes
1129 919 1213 969 erant
1227 905 1348 989 (Herod.
1365 914 1377 969 1
1389 954 1397 980 ,
1411 913 1450 970 78

336 1023 490 1099 Aristopb.
503 1021 533 1078 in
545 1022 802 1081 Telrnessensibus
814 1025 985 1097 praesertim
999 1024 1032 1082 fr.
1047 1025 1107 1081 451
1120 1023 1209 1081 llind.
1230 1022 1278 1080 ubi
1291 1021 1365 1079 ridet
1376 1030 1457 1079 vatos

337 1133 573 1207 Telmissenses,
588 1134 637 1207 qui
653 1127 882 1190 emmam.
895 1128 951 1202 τὰς
966 1129 1112 1210 ἐκτροπὰς
1125 1137 1191 1190 τοῦ
1205 1127 1359 1204 ἥπατος,
1380 1133 1457 1208 quod

338 1244 519 1320 Thrasybuli
538 1262 653 1318 quoque
672 1251 769 1301 statua
789 1247 923 1319 praebet,
946 1240 997 1300 uzi
1010 1239 1065 1312 τὰς
1080 1236 1198 1326 φλέβας.
1217 1278 1251 1287 -
1271 1240 1332 1301 Cic.
1348 1243 1384 1300 de
1399 1243 1457 1300 div.

338 1356 363 1414 Ι.
384 1358 441 1426 41,
462 1355 619 1423 eletos,
641 1356 691 1412 94.
711 1356 826 1413 Arrian.
849 1356 881 1424 2,
904 1358 938 1425 3,
955 1357 974 1412 4
989 1347 1048 1431 111).
1086 1355 1185 1413 Unum
1205 1354 1290 1411 modo
1310 1354 1457 1429 Apollinis

339 1466 467 1542 Hyblaei
484 1464 630 1522 oraculum
647 1465 802 1522 memoriae
817 1465 954 1535 traditur,
970 1466 1057 1539 idque
1074 1464 1198 1523 Curribus
1213 1465 1321 1521 datum.
1349 1465 1455 1521 Athen.

343 1578 391 1645 15,
408 1576 443 1645 4,
464 1578 499 1633 13
516 1595 544 1651 p.
559 1577 618 1633 otu
631 1596 656 1633 e.
680 1575 726 1633 Ad
742 1574 832 1634 Cares
853 1575 940 1632 etiam
961 1577 1042 1634 canis
1057 1594 1111 1633 nos
1127 1576 1258 1651 perducit
1273 1574 1455 1634 sacrificium.

340 1687 419 1744 Plut.
441 1704 519 1761 prov.
543 1689 575 1760 1,
597 1687 651 1757 731
672 1679 804 1768 Καρικὸν
825 1678 917 1768 depr:
936 1681 984 1743 ἐπὶ
1002 1689 1063 1742 τῶν
1085 1678 1202 1766 ἄσκρκα
1222 1680 1298 1767 μέλη
1319 1677 1457 1742 θυόντων.

340 1796 367 1854 oi
385 1790 445 1879 γὰρ
466 1789 564 1877 Κᾶρες
585 1790 675 1864 κύνας
695 1796 882 1879 ἱερονργοῦσι
915 1794 1007 1854 Clem.
1030 1797 1111 1854 Alex.
1133 1804 1223 1871 protr.
1245 1817 1273 1872 p.
1296 1799 1331 1854 rs
1355 1791 1398 1875 (p.
1418 1798 1457 1854 15

341 1901 448 1984 l'ott.)=
468 1900 570 1963 πολλὰ
589 1898 711 1989 xit-gall&
733 1900 829 1989 Ιναῖρες
849 1912 958 1987 σχοῖεν,
979 1897 1226 1962 stauratium
1247 1904 1330 1982 αὐτῷ
1346 1901 1458 1984 (Marti)

342 2010 439 2086 κύνας.
459 2019 568 2076 Arnob.
584 2018 648 2074 adv.
662 2026 720 2076 not.
735 2020 767 2087 4,
782 2018 821 2075 25
837 2037 865 2092 p.
882 2019 939 2075 143
953 2024 1041 2073 extr:
1057 2015 1145 2073 Marti
1164 2035 1269 2090 „canes
1285 2018 1321 2073 ab
1335 2016 1458 2077 (laribus

341 2126 515 2186 immolari.“
534 2128 639 2187 Graeci
651 2127 814 2204 Olympicis
827 2135 904 2185 certe
916 2128 971 2185 diis
984 2145 1071 2185 canes
1083 2146 1140 2184 nou
1153 2127 1357 2184 sacrificabant
1369 2124 1456 2204 (Plut.

342 2258 388 2316 qn.
410 2239 496 2297 Rom.
518 2257 581 2315 cap.
603 2232 689 2316 111),
717 2239 924 2296 divinationem
945 2258 979 2296 ex
1001 2240 1122 2296 canibus
1146 2256 1294 2312 nunquam
1320 2239 1459 2314 petebant

343 2344 444 2427 (Paus.
461 2352 494 2419 6,
508 2351 541 2421 ’2,
555 2344 593 2426 2).
617 2352 643 2408 A
659 2368 830 2425 quacunque
844 2351 933 2428 igitur
946 2358 1032 2428 gente
1047 2350 1091 2407 illi
1107 2350 1180 2408 ritus
1195 2349 1350 2407 introducti
1365 2356 1457 2420 erant,

342 2460 592 2519 aPhoenicibus*
606 2461 772 2535 Poenisque
792 2461 853 2519 sive
868 2461 935 2518 aliis
956 2461 1082 2530 colonis,
1104 2460 1310 2518 divinationem
1329 2461 1458 2536 aliquam

342 2592 377 2629 ex
396 2571 514 2629 lacertis
533 2570 649 2646 Hyblae
669 2572 789 2647 petitam
810 2590 876 2629 esse
901 2571 1079 2648 colligimus,
1104 2590 1225 2644 eamque
1250 2570 1458 2627 divinationem

342 2686 379 2742 ab
393 2682 508 2766 Iamidu
522 2681 573 2739 illo
588 2700 624 2739 ex
639 2682 755 2752 Sicilia,
774 2682 821 2740 ubi
836 2682 966 2741 Iamidac
982 2681 1114 2739 nonnulli
1129 2681 1302 2740 habitabant
1318 2674 1457 2758 (Boeckb.

342 2795 378 2851 ad
391 2794 479 2852 Pind.
496 2791 545 2849 Ol.
564 2788 608 2869 o),
630 2792 797 2870 Olympiam
813 2811 878 2851 esse
894 2794 1075 2851 translatam.
1101 2793 1179 2867 Quid
1195 2793 1313 2862 mirum,
1335 2793 1360 2850 si
1374 2812 1457 2870 gens,

342 2925 416 2981 quae
431 2906 469 2962 ab
484 2903 621 2979 Apolline
636 2913 666 2961 et
680 2906 826 2981 origenem
837 2911 866 2961 et
878 2904 1064 2963 divinationis
1076 2906 1210 2963 virtutem
1223 2904 1341 2961 duceret
1357 2897 1457 2982 (Paus.

341 3017 360 3075 l.
377 3008 510 3092 comm),
527 3015 673 3090 Apollinis
689 3015 858 3093 religionem
873 3016 961 3072 etiam
976 3016 1014 3073 ad
1028 3016 1105 3074 lovis
1121 3034 1204 3074 sacra
1219 3015 1361 3073 contulit?
1402 3051 1406 3058 ·

405 3126 474 3184 Non
490 3125 582 3203 magis
598 3127 750 3196 miramur,
766 3127 883 3185 lacertis
896 3128 1102 3184 divinationem
1115 3146 1181 3185 esse
1192 3127 1341 3186 tributam.
1368 3127 1460 3185 Recte

341 3237 559 3296 Feuerbaclrius
579 3238 615 3294 de
635 3237 772 3313 Apolline
791 3236 931 3295 Vaticano
953 3233 1094 3313 (Norimb.
1116 3257 1142 3295 a.
1160 3230 1251 3313 1833)
1274 3256 1302 3312 p.
1318 3238 1377 3294 216
1393 3255 1458 3312 sqq.

341 3357 401 3407 not.
418 3349 517 3417 docet,
533 3365 621 3421 (prum
638 3348 734 3405 onmia
748 3349 901 3418 animalia,
925 3366 999 3421 quoe
1013 3355 1120 3404 terram
1134 3346 1321 3404 divinationis
1336 3353 1459 3403 matrem

341 3459 537 3535 perfoderent,
550 3477 597 3516 ros
608 3458 720 3517 futuras
732 3459 900 3535 praevidere
908 3458 971 3516 visa
982 3476 1057 3527 esse,
1069 3464 1130 3515 tum
1141 3457 1269 3514 lacertae
1281 3474 1344 3513 cum
1356 3476 1458 3534 angue,

344 3569 465 3627 animali
484 3569 612 3625 omnium
632 3570 755 3626 maxime
774 3570 908 3645 fatidico,
936 3588 1077 3626 summam
1096 3567 1275 3625 intercedere
1296 3567 1459 3626 similitudi·

341 3700 418 3740 nem.
442 3679 485 3738 Ut
505 3681 654 3753 utriusque
674 3680 804 3757 linguam
824 3681 993 3757 bipartitam
1008 3680 1157 3736 mittamus
1174 3670 1307 3752 (Aristot.
1324 3678 1359 3734 de
1381 3685 1458 3754 part.

341 3792 430 3848 cuim.
445 3792 479 3859 3,
496 3783 560 3867 11),
577 3809 709 3847 somnum
725 3791 876 3866 utriusque
892 3792 1043 3850 hibernum
1060 3784 1162 3869 (Arist.
1176 3789 1245 3849 hist.
1258 3789 1345 3846 anim.
1360 3790 1393 3859 ὃ,
1409 3782 1458 3866 15)

409 3972 422 3997 *
440 3970 545 4021 Movers
563 3970 593 4021 de
609 3969 731 4024 Phoenic.
747 3972 759 4022 l
777 3988 802 4039 p.
816 3970 866 4023 405
882 3972 974 4034 Marti,
992 3972 1108 4035 Herculi,
1125 3971 1238 4022 llecatae
1256 3986 1272 4021 a
1286 3969 1460 4023 Phoenicibus

342 4072 420 4108 canes
433 4053 592 4106 sacrificatus
605 4071 661 4105 esse
679 4055 765 4118 docet,
784 4073 808 4124 p.
824 4054 854 4106 18
873 4056 951 4107 Cares
969 4055 1036 4107 hunc
1054 4072 1154 4107 morem
1171 4055 1371 4107 aPhoenicibus
1388 4071 1460 4106 acco-

340 4143 411 4210 pisss
424 4145 522 4193 censet.
541 4170 574 4177 —
590 4139 630 4190 Ita
642 4138 743 4203 Thasii,
760 4139 897 4208 dequibus
911 4141 1071 4209 supradixi,
1088 4140 1199 4199 Φοίνικες
1216 4139 1245 4190 rb
1264 4138 1376 4190 ἀνέκαθεν
1394 4134 1459 4197 ὄντες

340 4226 383 4277 τὸν
396 4224 472 4276 αὐτὸν
485 4223 623 4293 Ἡρακλέα,
636 4222 663 4274 ὃν
677 4224 717 4275 καὶ
730 4225 826 4293 Τύριοι,
839 4226 967 4279 colebant.
991 4225 1067 4279 Paus.
1081 4226 1109 4289 5,
1123 4225 1168 4290 27,
1181 4226 1204 4277 7.
1222 4255 1255 4263 —
1270 4224 1356 4276 Etiam
1371 4224 1461 4275 Sicilia

341 4328 401 4363 cum
415 4310 524 4362 Caribus
537 4325 607 4360 nexa
619 4315 681 4361 orat.
705 4308 800 4372 Gelon,
814 4309 1038 4378 Syracusanorum
1050 4316 1191 4378 tyrannm,
1204 4326 1237 4361 ex
1248 4310 1298 4360 illis
1309 4308 1459 4375 regionibus

341 4397 471 4464 originem
490 4393 577 4458 duxit,
595 4395 668 4446 cuius
685 4395 727 4445 vel
743 4411 838 4445 nornen
850 4395 947 4446 Preller
964 4395 990 4446 in
1005 4394 1131 4447 Gerhardi
1142 4393 1317 4445 Deukmilcrn
1333 4392 1387 4443 und
1398 4391 1459 4443 For·

341 4481 480 4549 schungen
491 4495 514 4531 a.
527 4479 592 4530 1854
603 4496 674 4531 nuru.
685 4477 716 4530 71
729 4495 754 4547 p.
766 4476 816 4531 288
829 4496 862 4531 ex
872 4478 968 4531 Garum
980 4496 1100 4531 sermone
1113 4479 1184 4531 ducit
1196 4478 1254 4531 coll.
1266 4475 1355 4549 steph.
1365 4476 1428 4545 Byr.
1438 4493 1458 4530 s.

341 4562 504 4634 Σουὰγγελαε
522 4563 639 4617 καλοῦσιν
653 4561 675 4616 ol
687 4563 763 4636 Κᾶρες
774 4562 849 4633 pilon
862 4563 905 4615 τὸν
918 4563 1005 4636 proult
1021 4604 1027 4616 .
1107 4633 1109 4638 Ι
