3592 5400
626 482 666 525 m
680 481 898 525 nvocmonvn
912 481 1054 525 umch.

436 627 536 698 ῥηιδίως
548 627 708 697 προθοροῦσα
718 625 859 698 κεράννυται
870 625 922 698 ἠέρι
934 627 1054 697 κούφῳ*,

437 719 514 787 δεινὴν
528 720 568 772 καὶ
579 719 735 786 πολύτλητον
748 716 919 790 άποστίρξασα
930 719 1051 790 λατρείαν,

437 813 476 865 σοί
489 811 516 864 δὲ
527 813 551 864 τί
563 813 636 865 τῶνδ’
650 808 751 883 ὄφελος,
765 809 835 864 ὁπότ’
849 812 929 865 οὐκέτ’
941 811 996 882 ἐών,
1009 814 1064 864 τότε
1077 813 1166 880 δόξαις

436 908 451 972 ἢ
464 906 488 957 τί
499 905 560 976 μετὰ
572 906 671 976 ζῴοισιν
683 903 731 957 ἐὼν
743 906 797 977 περί
810 906 886 958 τῶνδε
899 907 1021 977 ματεύεις,

280 1008 386 1067 Aelius
400 1007 545 1066 Aristides
561 1015 633 1066 orat.
650 1025 723 1066 sacr.
742 1008 759 1066 θ
776 1028 804 1084 μ
822 1008 881 1067 307
897 1009 993 1069 lebb.:
1015 1004 1063 1065 ἐπὶ
1078 993 1111 1065 δὲ
1125 1002 1181 1072 τὴν
1201 1007 1232 1066 ἐν
1246 999 1400 1093 Περγάμῳ

281 1100 433 1200 καθέδραν
451 1109 584 1200 ’ἤλθομεν
604 1111 823 1196 (Asclepieum).
854 1108 1132 1202 Ἐγκατεκεκλίμην
1152 1105 1265 1202 μεταξὺ
1284 1121 1346 1175 τῶν
1364 1135 1400 1176 τε

282 1220 379 1309 θυρῶν
389 1221 441 1284 καὶ
454 1230 515 1284 τῶν
526 1212 690 1312 κιγκλίδων
699 1231 755 1285 τοῦ
770 1222 827 1285 νεώ
839 1270 861 1284 ..
873 1222 924 1285 καί
939 1245 989 1311 μοι
1003 1233 1059 1311 χρῇ
1073 1226 1090 1284 ό
1104 1220 1170 1298 θεός
1184 1223 1220 1286 τό
1232 1229 1301 1298 ἔπος
1314 1214 1401 1287 τόδε·

493 1330 620 1420 ἐσπέριοι
636 1321 661 1395 δ’
675 1324 810 1421 ἤκμαζον
825 1333 874 1396 ἐπὶ
890 1333 1009 1421 κρήναις
1023 1335 1199 1421 χλοεραῖσιν.

281 1449 364 1508 Idem
376 1447 521 1507 Aristides
533 1448 604 1518 sibi,
616 1449 685 1505 dum
697 1449 828 1518 incubat,
843 1448 997 1507 videbatur
1007 1469 1032 1506 v.
1046 1449 1116 1506 Eur.
1128 1450 1240 1508 Phoon.
1256 1453 1269 1508 1
1286 1450 1400 1508 audire:

335 1546 426 1615 Ἥλιε
443 1549 525 1626 θοαῖς
539 1553 669 1616 ἵπποισιν
683 1552 817 1616 εἱλίσσων
832 1552 940 1644 φλόγα
969 1579 1011 1618 or.
1024 1577 1099 1617 saer.
1115 1562 1126 1617 1
1142 1581 1171 1636 p.
1186 1560 1338 1619 2791ebb.

281 1669 326 1728 Id.
340 1668 413 1727 ibid.
429 1687 459 1744 p.
477 1669 547 1729 280.
567 1670 620 1728 12:
639 1652 764 1727 ἐδόκουν
785 1652 818 1727 δὲ
838 1665 889 1726 καὶ
908 1663 978 1738 τοὺς
996 1652 1108 1738 παῖδας
1123 1653 1207 1745 ᾄδειν
1226 1665 1262 1728 τό
1278 1667 1401 1753 ἀρχαῖον

282 1769 380 1862 ᾆσμα,
397 1765 431 1836 οὗ
446 1776 466 1843 ἡ
481 1772 556 1860 ἀρχά
571 1777 648 1836 ἐστι·

556 1880 601 1931 Δία
620 1879 661 1932 τδν
679 1879 776 1933 πάντων
795 1881 889 1933 ύπατον
907 1881 1006 1951 κλῄζω·

282 1978 333 2040 καὶ
348 1973 425 2039 εἶναι
440 1979 472 2040 ἐν
486 1976 587 2058 ἐκείνῳ
601 1985 646 2058 τῷ
662 1976 743 2066 μέρει
756 1987 812 2041 τοῦ
828 1984 978 2066 ᾄσματος·

555 2083 620 2136 πολὺ
639 2082 699 2154 γάρ,
718 2084 783 2136 πολύ
802 2104 844 2154 μοι
861 2085 890 2136 εδ
910 2085 984 2155 μέσον
1003 2084 1100 2154 βιότου,

556 2177 658 2247 μέλπειν
675 2195 701 2230 τε
719 2178 801 2246 θεούς,
820 2175 844 2229 ἔν
861 2179 883 2230 τ’
902 2178 1060 2250 εὐφροσύναις

553 2265 614 2342 ἦτορ
632 2269 712 2323 ίαίνειν

554 2364 638 2435 τοιῷδ’
656 2364 703 2416 ύπδ
722 2365 876 2434 παιδονόμῳ.

280 2468 361 2526 Idem
376 2487 419 2526 or.
435 2484 509 2525 sacr,
527 2468 544 2525 3
560 2486 590 2542 p.
604 2469 667 2525 310
680 2486 713 2526 ee
727 2475 841 2537 narrat,
857 2485 946 2544 quum
961 2468 1098 2527 Adrianis
1113 2468 1280 2539 incubaret,
1295 2489 1401 2546 pueros

280 2563 496 2636 Alexaddrinos
511 2577 611 2635 audire
626 2577 682 2635 sibi
698 2577 792 2635 visum
808 2595 874 2636 esse
889 2586 1055 2637 cantantes:

486 2678 600 2740 Πολλούς
613 2679 634 2731 δ’
647 2677 674 2731 ἐκ
687 2676 799 2732 θανάτοιο
812 2677 930 2750 ἐρύσατο,

486 2772 646 2844 άστραφέεσσι
659 2773 763 2842 πύλῃσιν
776 2770 814 2824 ἐπ’
828 2772 927 2843 αὐτῇσιν
940 2772 1066 2842 βεβαῶτες

485 2864 580 2922 Ἀίδεω,

280 2971 384 3027 ταῦτα
400 2953 424 3026 δ’
439 2964 503 3026 ἐστὶ
516 2971 577 3026 τῶν
595 2962 747 3052 ἡμετέρων
767 2960 860 3042 ἐπῶν,
883 2967 904 3027 ἃ
918 2973 1024 3053 πρῶτα
1039 2953 1146 3053 σχεδόν
1161 2965 1341 3053 ἐποιήσαμεν
1355 2974 1400 3048 τῷ

282 3072 350 3155 θεῷ.

346 3190 389 3249 Id.
407 3210 448 3247 or.
465 3192 484 3248 4
499 3210 528 3266 p.
547 3190 616 3250 328.
637 3193 688 3249 14:
704 3177 778 3256 ἦλθε
794 3189 851 3275 γάρ
868 3209 918 3274 μοι
933 3185 1065 3249 ἐνύπνιον
1080 3178 1191 3275 φράζον
1206 3186 1259 3250 τόν
1274 3210 1309 3251 τε
1324 3184 1400 3249 Παι-

282 3304 341 3357 ᾶνα
361 3298 400 3368 ὡς
421 3283 488 3357 δέον
507 3304 631 3365 ποιῆσαι
650 3304 695 3377 τῷ
717 3293 775 3377 θεῷ
796 3297 846 3357 καὶ
861 3297 926 3383 ἅμα
945 3297 1001 3366 τὴν
1016 3295 1107 3384 ἀρχάν
1125 3299 1232 3373 αὐτοῦ,
1253 3297 1304 3357 καὶ
1323 3292 1401 3383 εἶχεν

282 3403 363 3468 οίντω
379 3428 455 3479 πως·
629 3406 801 3495 φορμίγγων
817 3403 934 3467 άνακτα
948 3403 1071 3467 Παιᾶνα
1086 3406 1207 3474 κληίσω.

346 3522 421 3578 Ibid.
445 3523 514 3579 330.
534 3524 586 3579 14:
610 3502 688 3578 Ἧκε
709 3506 742 3578 δὲ
762 3516 813 3577 καὶ
831 3513 899 3602 παρ’
918 3512 1039 3589 Ἀθηνᾶς
1060 3514 1130 3601 ὄναρ
1150 3514 1240 3601 ύμνον
1260 3520 1327 3602 ἔχον
1346 3524 1401 3589 τῆς

282 3623 353 3688 θεοῦ
369 3626 420 3688 καὶ
435 3626 526 3713 ἀρχὴν
540 3615 673 3689 τοιάνδε·

659 3735 760 3800 ἵκεσθε
775 3734 930 3825 Περγάμῳ
945 3735 1018 3813 νέοι,

282 3846 335 3909 καί
349 3845 451 3934 ἕτερον
466 3849 500 3909 ἐκ
515 3844 672 3925 Διονύσου,
688 3841 722 3909 οὗ
736 3847 773 3910 τό
788 3836 975 3935 ἐπᾳδόμενον
989 3839 1038 3917 ἦν·

609 3956 694 4045 χαῖρ’,
711 3951 735 4020 ὦ
750 3955 808 4019 ἄνα
822 3965 923 4020 κισσεῦ
939 3954 1070 4020 Διόνυσε.

282 4056 432 4156 ᾀδομένου
453 4056 477 4129 δ’
493 4071 588 4130 αυτοῦ
607 4065 673 4130 καθ’
689 4066 778 4131 ὕπνον
798 4067 940 4156 περιέρρει
958 4067 1000 4131 τά
1014 4062 1080 4131 ὄντα
1094 4069 1146 4131 καὶ
1159 4070 1218 4156 ἠχὴ
1233 4066 1400 4158 θαυμαστά.

282 4178 335 4239 καὶ
349 4167 411 4240 ἔδει
424 4178 461 4241 τό
476 4178 549 4268 γόνυ
568 4177 604 4241 τύ
622 4168 719 4252 δεξιόν
733 4179 877 4242 κλίναντα
896 4177 1039 4242 ἱκετεύειν
1052 4201 1088 4242 τε
1104 4180 1154 4242 καὶ
1168 4184 1273 4241 καλεῖν
1287 4177 1401 4241 Λύσιον

282 4287 337 4350 τδν
353 4284 430 4353 θεόν.
453 4290 505 4351 καὶ
518 4294 614 4351 ἔνεστι
624 4297 725 4351 ταῦτα
739 4292 770 4352 ἐν
779 4300 844 4364 τοῖς
858 4296 979 4379 ᾄσματι.
1001 4290 1052 4352 καὶ
1066 4290 1166 4378 ἕτερον
1176 4284 1248 4360 ἧκεν
1259 4280 1292 4362 ἐξ
1307 4291 1400 4350 αὐτοῦ

352 4456 364 4484 ’
382 4456 466 4510 Tzetz.
480 4472 585 4525 exeges.
597 4458 626 4509 Il.
639 4474 664 4527 p.
679 4456 711 4509 64
724 4456 764 4513 ed.
776 4458 877 4524 Herm,
892 4458 937 4527 qui
948 4457 1017 4510 idem
1029 4459 1163 4511 oraculum
1175 4455 1293 4526 praebet,
1312 4456 1399 4526 κούφη,

283 4542 373 4593 nescio
392 4556 425 4593 an
443 4542 547 4596 rectius.
