3592 5400
415 607 457 669 40
845 624 953 670 ιιοτιτ.

415 817 523 900 ἐκείνη
555 816 610 882 διὰ
640 819 755 882 τοῦτόν
779 815 880 883 ἐστιν.
906 817 1085 884 Ατίολολολοε
1107 821 1206 884 tamen
1229 816 1313 883 ideas
1335 816 1384 883 ab·

408 956 518 1043 jecisse
540 956 665 1023 videtur.
688 956 749 1023 Ofr.
772 956 905 1046 Metaph.
928 959 953 1024 I.
978 962 1007 1024 9.
1030 961 1066 1023 τὸ
1089 956 1124 1022 δέ
1146 956 1254 1037 λέγειν
1275 983 1385 1044 παρα·

416 1094 573 1179 δείγματα
604 1095 687 1160 αὐτὰ
722 1095 765 1184 (id
793 1102 838 1163 est
869 1100 910 1161 τὰ
939 1096 1023 1184 εἴδη)
1048 1089 1134 1163 εἶναι
1158 1100 1213 1161 καὶ
1236 1095 1385 1184 μετέχειν

415 1235 524 1302 αὐτῶν
556 1229 662 1301 τᾶλλα
686 1235 871 1316 κενολογεῖν
897 1239 964 1302 ἐστι
989 1238 1044 1302 καὶ
1067 1239 1252 1323 μεταφορὰς
1276 1235 1385 1317 λέγειν

415 1379 598 1459 ποιητικάς.

459 1654 532 1742 Pag.
557 1657 584 1722 7.
614 1653 682 1721 Lin.
707 1660 735 1720 2.
768 1658 823 1719 καὶ
857 1655 891 1720 έν
923 1661 964 1738 τῇ
994 1656 1067 1739 περὶ
1098 1659 1206 1739 ψυχῆς
1229 1656 1286 1720 τὸν
1311 1661 1385 1719 κατ’

416 1790 583 1878 ἐνέργειαν
617 1802 693 1861 νοῦν
724 1786 808 1858 εἶναι
833 1795 874 1857 τὰ
897 1798 1085 1878 πράγματα.
1109 1793 1220 1859 Eadem
1243 1794 1277 1859 in
1300 1792 1386 1860 Ver&

416 1933 454 1998 V.
477 1934 512 1999 L.
536 1932 594 1998 Sed
617 1932 708 2021 longe
730 1932 811 1999 aliud
834 1932 907 2019 quid
927 1932 1016 1999 habet
1033 1932 1213 2000 Aristoteles
1232 1932 1269 1998 de
1287 1933 1387 2000 anima

414 2073 476 2138 HI.
509 2076 536 2140 7.
568 2073 618 2139 fin.
649 2070 729 2147 ὅλως
761 2070 791 2136 δ’
821 2075 839 2134 ὁ
870 2079 943 2147 νοῦς
966 2073 1055 2138 ἐστὶν
1079 2074 1097 2135 0‘
1119 2078 1192 2136 κατ’
1216 2071 1385 2157 ἐνέργειαν

415 2214 456 2276 τὰ
480 2216 655 2296 πράγματα
679 2213 777 2276 νοῶν.
803 2209 942 2277 Fortasse
964 2210 1042 2299 apud
1064 2217 1217 2290 nostrum,
1239 2212 1287 2279 vel
1306 2215 1384 2302 apud

414 2349 501 2416 illum
531 2354 679 2416 auctorem
710 2348 789 2415 unde
810 2349 925 2427 hausit,
949 2350 1094 2437 scriptum
1117 2350 1207 2415 fuerit
1228 2353 1286 2417 τὸν
1311 2359 1384 2416 κατ’

415 2487 583 2573 ἐνέργειαν
607 2492 648 2553 τὰ
671 2494 846 2575 πράγματα
870 2490 1012 2554 νοοῦντα
1037 2491 1115 2555 νοῦν
1141 2482 1238 2555 εἶναι.

457 2770 535 2837 Ibid.
562 2768 632 2835 Lin.
659 2772 678 2834 3
707 2773 737 2835 et
763 2773 793 2835 4.
825 2765 973 2833 καθόλου
1004 2769 1065 2854 γὰρ
1097 2769 1115 2830 0‘
1145 2766 1384 2855 Ἀριστοτέλης

414 2912 450 2973 τὸ
482 2903 527 2989 ἦθ
542 2954 793 2971 ···········
826 2931 936 2985 γονεν.
967 2906 1034 2973 MS.
1058 2906 1138 2973 Dedi
1160 2907 1197 2971 τὸ
1220 2902 1302 2990 ἦθος
1324 2908 1383 2992 μέ.
1490 2936 1492 2943 ·

414 3071 502 3132 τριος
533 3043 680 3125 γέγονεν.
717 3044 795 3111 Nam
829 3045 936 3111 Versio
969 3045 1007 3111 V.
1037 3045 1073 3110 L.
1105 3046 1234 3113 multum
1257 3069 1385 3134 namque

412 3186 597 3253 Aristoteles
623 3186 794 3252 moderatus
813 3184 886 3268 fuit
909 3186 1046 3251 ιιιονὶῦαε.
1068 3184 1301 3271 PseudofAmm.
1325 3185 1383 3269 μέ-

415 3350 502 3411 τριος
527 3323 561 3389 δὲ
585 3323 719 3405 γέγονεν
743 3324 762 3388 ὁ
783 3323 865 3409 ἀνὴρ
889 3308 983 3399 οὗτος
1004 3330 1072 3399 τοῖς
1091 3328 1208 3405 ἤθεσιν
1229 3326 1384 3411 εἶςῦπερ-

412 3460 527 3551 ρειγν.

457 3739 535 3806 Ibid.
562 3739 631 3807 Lin.
661 3744 683 3806 4
712 3747 742 3807 et
770 3763 849 3827 seqq.
880 3742 909 3805 εἰ
933 3738 968 3805 ἓν
991 3742 1051 3823 μέν
1075 3745 1149 3815 ταῖς
1172 3742 1383 3826 κατηγορίαις

417 3882 493 3965 φησὶ
516 3884 557 3963 μὴ
583 3878 652 3945 δεῖν
674 3880 849 3965 προχείρως
869 3878 1117 3962 ἀποφαίνεσθαι
1124 3929 1134 3961 ,
1154 3877 1239 3944 οἰλλά
1258 3880 1384 3946 πολλά-

415 4046 464 4095 κις
499 4017 734 4103 ἐπεσκεμμένον
767 4021 821 4083 καὶ
853 4024 895 4101 μὴ
912 4065 1167 4081 ...........
1199 4043 1248 4085 ειν
1280 4026 1383 4103 μόνον

413 4163 576 4246 ἄχρηστον
601 4150 698 4224 εἶναι.
724 4157 790 4223 MS.
812 4160 851 4224 In
873 4159 958 4225 Vers.
983 4159 1022 4225 V.
1044 4159 1079 4225 L.
1101 4160 1182 4225 unde
1203 4160 1238 4226 ιἰι
1257 4162 1384 4246 praedi·

416 4300 561 4366 camentis
596 4305 662 4374 ait:
698 4299 798 4386 itaque
831 4322 884 4387 pro
916 4301 944 4364 εἷ
973 4299 1074 4365 malim
1104 4298 1184 4366 ἐπεὶ.
1215 4300 1263 4365 En
1285 4301 1384 4390 ipsum

415 4428 589 4508 Aristotelis
612 4440 711 4507 locum
733 4439 837 4528 Categ.
861 4444 889 4508 ⁷.
909 4440 959 4507 fin.
978 4440 1053 4516 ἰὀως
1077 4439 1111 4505 δὲ
1138 4438 1280 4528 χαλεπὸν
1303 4442 1384 4527 ὑπὲρ
