3592 5400
892 531 983 578 LIBER
1003 533 1024 577 1.

552 682 625 753 ὡρῶν
638 682 679 734 καλ
692 684 782 752 καιρῶν
795 681 908 752 ταμίηςῐ,
920 680 1015 750 ἀνέμων
1028 698 1053 731 τε
1066 680 1106 731 καί
1117 675 1226 751 ὄμβρων,

553 776 611 842 ἠοῦς
625 777 665 827 καὶ
678 774 763 836 νυκτός
775 774 962 844 πολυαστέρου1
974 773 1029 840 ἡνία
1041 773 1157 844 νωμῶνθ,

551 869 693 939 ζαφλεγίων
706 866 803 939 ἄστρων
816 867 928 937 βασιλεὺς
940 866 979 932 ἠδ’
989 865 1109 918 ἀθάνατον
1122 872 1177 936 πῦρ.

397 966 453 1022 Hoc
467 965 601 1017 oraculum
614 980 646 1015 ex
658 961 794 1033 Porphyrii
806 963 871 1015 libro
884 962 1024 1031 repetitum
1036 978 1093 1013 esse
1105 979 1159 1014 uon
1171 962 1286 1026 videtur;
1297 962 1428 1015 Eusebius
1441 963 1519 1026 enim,

399 1061 444 1129 qui
456 1059 593 1127 diligenter
603 1063 629 1109 et
638 1062 757 1109 auctores
767 1063 792 1108 et
800 1057 894 1124 libroS,
909 1056 1003 1125 quibus
1014 1072 1117 1125 quoque
1126 1056 1183 1108 loco
1195 1056 1283 1120 utitur,
1296 1055 1433 1108 nominare
1444 1057 1519 1120 solet,

398 1151 423 1205 h.
435 1152 452 1206 1Ι
466 1150 639 1221 Porphyrium
650 1168 703 1203 non
716 1155 915 1213 commemorat,
933 1150 958 1200 id
972 1149 1041 1218 quod
1054 1166 1084 1201 eo
1096 1150 1220 1201 libentius
1238 1148 1355 1214 fecisset,
1374 1150 1445 1218 quod
1458 1149 1518 1202 Por·

397 1244 519 1316 phyrium
532 1246 569 1297 ita
581 1261 613 1297 ex
626 1243 768 1313 Porphyrio
780 1243 893 1295 refutare
911 1244 1051 1312 potuisset,
1064 1271 1096 1281 —
1109 1243 1155 1294 sed
1172 1244 1295 1295 incertius
1313 1242 1376 1294 εἶπαι
1394 1261 1429 1304 τις
1448 1241 1476 1293 ἄν
1495 1249 1519 1295 et

387 1339 446 1391 ,ποό
463 1339 532 1390 dicit.
555 1337 645 1407 Neque
662 1338 779 1390 inlibris
798 1338 828 1389 de
846 1337 958 1389 oraculis
975 1337 1040 1389 alias
1057 1337 1166 1389 numina
1181 1335 1340 1406 Porphyrius
1359 1337 1518 1400 commiscet,

399 1449 473 1485 secus
487 1449 518 1484 ao
529 1436 622 1501 postea
633 1432 661 1483 in
674 1447 714 1500 ep.
727 1431 759 1482 ad
771 1430 924 1482 Anebonem
936 1446 978 1499 ap.
992 1430 1087 1484 Euseb.
1100 1447 1139 1499 pr.
1152 1446 1191 1483 ev.
1203 1429 1228 1484 3.
1244 1430 1283 1483 11,
1296 1429 1342 1481 25:
1360 1429 1424 1480 καῦδ
1441 1426 1518 1490 ἀλεξί-

399 1527 474 1585 κακός
491 1522 541 1575 ἐστι
553 1527 602 1575 τῶν
615 1522 725 1593 ἐπιγείων
739 1523 752 1574 ὁ
765 1523 846 1591 ἥλιος,
865 1522 990 1592 Ἠρακλέα
1006 1527 1139 1592 προσεῖπον
1159 1522 1233 1574 αὐτόν
1251 1562 1274 1574 ..
1293 1526 1335 1588 τῆς
1353 1521 1381 1574 δὲ
1398 1527 1517 1588 σωστικῆς

399 1617 476 1670 αὐτοῦ
489 1618 614 1686 δυνάμεως
626 1615 774 1681 ’λσκληπίος
786 1615 814 1667 rh
829 1616 956 1686 σύμβολον
970 1657 975 1668 .
987 1656 993 1667 .
1006 1619 1048 1682 τῆς
1061 1617 1083 1667 δ’
1093 1610 1123 1667 αὖ
1136 1619 1277 1686 χορευτικῆς
1289 1633 1315 1667 τε
1328 1616 1369 1667 καλ
1387 1614 1516 1686 ἐγκυκλίου

399 1711 527 1779 κινήσεως,
546 1710 599 1761 καθ’
608 1711 637 1775 ἢν
650 1710 705 1770 τοὺς
719 1709 826 1779 καρποὺς
840 1710 948 1761 πεπαίνει
960 1708 974 1775 ἡ
988 1710 1064 1779 πυρδς
1077 1710 1189 1779 δύναμις,
1207 1710 1323 1769 Διόνυσος
1336 1709 1454 1776 κέκληται
1467 1751 1473 1761 .
1484 1704 1516 1779 ,ᾖ

309 1851 313 1858 .
400 1803 426 1856 δὲ
438 1804 492 1874 περ1
503 1803 545 1864 τὰς
558 1803 624 1874 ὥρας
636 1807 680 1855 τοῦ
698 1805 793 1872 κόσμου
811 1802 938 1872 περιπολεῖ
953 1803 993 1854 καί
1010 1804 1108 1872 χρόνων
1126 1801 1176 1854 ἔστί
1192 1802 1318 1868 ποιητικός
1336 1802 1377 1854 καλ
1394 1806 1486 1874 καιρῶν
1504 1801 1516 1854 ὁ

399 1897 479 1966 ἥλιος,
497 1890 575 1967 Ὦρος
587 1896 650 1948 κατὰ
662 1900 735 1948 τοῦτο
748 1896 870 1962 κέκληται.
890 1900 932 1962 τῆς
945 1896 967 1946 δ’
978 1891 1007 1946 αὖ
1020 1899 1155 1966 γεωργικῆς
1171 1895 1247 1946 αὐτοῦ
1266 1894 1404 1966 δυνάμεως,
1423 1897 1477 1948 καθ’
1488 1897 1516 1962 ἢν

400 1988 424 2041 αἱ
441 1991 518 2050 δόσεις
537 1995 579 2042 τοῦ
598 1990 720 2058 πλούτου,
739 1989 865 2059 σύμβολον
883 1987 896 2040 ὁ
913 1989 1041 2040 Πλούτων.
1061 1987 1152 2058 ὁμοίως
1170 1989 1252 2058 μέντοι
1269 1988 1368 2057 κα1τήν
1386 1990 1516 2061 φθαρτικὴν

399 2081 449 2154 ἔχει
462 2085 570 2154 δύναμιν,
585 2083 621 2136 δίο
635 2085 675 2135 καί
688 2084 817 2134 Πλούτωνι
829 2083 992 2143 συνοικίζουσι
1003 2083 1045 2134 τδν
1057 2083 1175 2152 Σάραπιν.
1203 2083 1285 2136 Plena
1296 2089 1359 2137 sunt
1369 2085 1447 2137 istius
1459 2085 1516 2138 deo·

397 2195 457 2230 rum
469 2178 698 2231 contaminationis
711 2177 827 2228 carmina
840 2175 952 2245 Orphica
963 2175 1105 2246 Porphyrio
1117 2177 1270 2246 posteriora.
1299 2177 1338 2232 Gi.
1352 2178 1385 2232 fr.
1399 2195 1442 2248 ap.
1453 2179 1513 2232 Lob.

398 2271 457 2339 Agl.
469 2271 677 2340 p.440.460sqq.
691 2270 739 2321 731
753 2276 779 2322 et
791 2286 857 2338 quae
875 2286 908 2322 ex
921 2270 979 2322 aliis
992 2271 1161 2340 scriptoribus
1174 2271 1238 2325 Lob.
1250 2270 1334 2340 paea
1347 2272 1472 2326 etBurm.
1485 2273 1515 2324 acl

399 2362 470 2415 anth.
481 2363 538 2416 Lat.
552 2364 563 2415 Ι
579 2379 605 2432 p.
615 2362 664 2414 629
677 2369 703 2414 et
720 2363 748 2414 0.
766 2362 871 2414 Iahnius
887 2363 915 2414 in
932 2369 982 2417 act.
1000 2369 1107 2417 meustr.
1127 2364 1198 2416 acad.
1215 2364 1314 2417 Saxon.
1332 2382 1356 2418 a.
1368 2365 1434 2419 1855
1449 2365 1515 2436 pso

398 2471 455 2526 sqq.
465 2450 585 2509 afferunt.
602 2456 673 2508 Adde
685 2456 785 2509 Anubis
797 2457 989 2508 invocationem
1001 2458 1027 2509 in
1045 2457 1090 2510 Gio
1102 2458 1189 2510 insula
1201 2463 1330 2528 repertam
1344 2464 1428 2530 (corp.
1442 2461 1514 2512 inser.

400 2550 443 2605 Gr.
456 2549 524 2603 3724
541 2556 566 2603 et
582 2549 653 2603 anth.
670 2550 724 2604 Pal.
737 2567 796 2620 app.
809 2548 878 2618 281).
902 2549 1001 2603 Eodem
1019 2551 1096 2621 signa
1108 2556 1256 2621 temporum
1267 2553 1444 2622 posteriorum
1455 2569 1514 2622 pan·

397 2643 458 2697 thea
469 2645 608 2716 pertinent.
861 2653 864 2660 '

514 2747 580 2806 Lib.
593 2746 629 2805 V.
646 2764 707 2823 cap.
726 2747 753 2805 5.
772 2748 800 2805 7.
819 2748 877 2805 113
896 2744 998 2823 Steph.
1018 2748 1076 2807 189
1093 2766 1118 2807 o.
1131 2748 1216 2825 Vig.:

466 2846 556 2918 Γράφει
568 2847 594 2900 δὲ
606 2852 684 2899 ταῦτα
696 2846 709 2899 ὁ
721 2849 891 2918 δεδηλωμένος
903 2847 928 2901 ἐν
941 2842 975 2910 οἷς
988 2848 1110 2920 ἐπέγραψε
1123 2868 1148 2901 π.
1159 2867 1180 2902 τ.
1193 2848 1220 2901 ἐκ
1229 2849 1322 2920 λογίων
1333 2851 1480 2922 φιλοσοφίας
1493 2890 1513 2903 ..

398 2940 479 3012 λέγων
492 2934 552 2992 ὧδε·

516 3041 587 3117 Cap.
606 3043 633 3101 6.
649 3062 678 3119 p.
694 3043 753 3101 190
768 3042 834 3121 vig.

461 3135 544 3217 Ἤδη
572 3136 604 3209 δὲ
629 3148 690 3210 καὶ
714 3151 750 3211 ἐν
773 3144 900 3223 ἄλλοις
922 3151 954 3212 οἱ
976 3147 1038 3239 μὲν
1062 3146 1286 3237 θεράποντές
1305 3175 1417 3233 τινων
1436 3155 1515 3217 ἀνε·

400 3248 418 3321 δ
424 3254 634 3345 είχθησαν4,
657 3263 696 3333 ὡς
719 3256 818 3323 όΠάν
840 3268 895 3322 τοῦ
916 3258 1072 3324 Διονύσου.
1096 3250 1254 3333 δεδήλωκε
1277 3251 1310 3325 δὲ
1332 3272 1426 3327 τοῦτο
1450 3267 1515 3327 δέν

397 3358 594 3459 Βραγχίδαις5
614 3365 771 3432 Ἀπόλλων
792 3359 843 3433 διαὶ
861 3369 986 3433 τούτων.
1018 3369 1122 3434 Ἐννέα
1141 3371 1199 3461 γὰρ
1220 3369 1515 3465 εὑρέθησανὶάποθα-

358 3504 372 3543 s
398 3479 511 3554 νόντες·
537 3474 765 3569 πυνθανομένων
787 3472 856 3543 οὖνὸ
877 3490 939 3543 τῶν
960 3480 1014 3544 τόν
1036 3481 1127 3572 ἀγρόν
1151 3479 1310 3546 οἰκούντων
1332 3484 1389 3555 τὴν
1412 3485 1514 3562 αἰτίαν,

398 3595 519 3678 ἔχρησεν
535 3593 550 3652 ὁ
568 3585 646 3665 θεός·

467 3785 476 3817 ¹
494 3784 583 3836 Iovem
595 3784 644 3834 τῶν
657 3780 729 3854 ὡρῶν
741 3783 843 3854 ταμίαν,
851 3783 898 3836 'aba
911 3783 1055 3855 πνευμάτων
1068 3781 1198 3856 οἰκονόμον
1211 3787 1270 3841 sim.
1282 3786 1356 3839 Max.
1368 3788 1430 3857 Tyr.
1443 3792 1516 3842 vocat

399 3864 431 3918 25
443 3882 468 3935 p.
479 3867 529 3918 254
541 3873 607 3919 extr.
618 3868 683 3921 Dav.
696 3869 738 3924 41.
751 3869 767 3921 2
783 3869 870 3922 Reisk.
888 3870 967 3940 Orph.
979 3870 1069 3939 hymn.
1082 3871 1098 3922 8
1111 3872 1150 3939 (7)
1162 3871 1196 3923 ad
1207 3871 1296 3923 Solem
1312 3889 1337 3926 v.
1346 3873 1376 3924 4:
1396 3872 1458 3934 δεξιὲ
1475 3871 1514 3942 μὲν

399 3950 504 4018 γενέτωρ
517 3946 588 4019 ἠοῦς,
605 3950 714 4021 εὖώνυμε
726 3955 823 4022 νυκτός,
837 3956 921 4022 κροῖσιν
934 3951 999 4024 ἔχων
1012 3952 1092 4024 ὡρῶν.

467 4033 477 4067 ²
495 4034 539 4086 Sic
556 4034 620 4087 Lob.
637 4036 696 4104 Agl.
713 4054 739 4105 p.
755 4037 806 4089 462
823 4043 850 4089 et
867 4038 987 4091 Strurius
1007 4057 1067 4108 opp.
1088 4041 1134 4092 sel.
1149 4041 1161 4092 1
1179 4058 1205 4109 p.
1223 4041 1280 4093 121.
1298 4072 1332 4081 —
1349 4042 1514 4112 πολυήστερας

399 4118 502 4183 ODFG,
519 4117 687 4189 πολόαστερον
699 4121 736 4184 H,
754 4120 921 4192 πολυαστέρος
933 4125 988 4176 rell.
1005 4124 1139 4177 Adiectivo
1153 4122 1319 4194 πολυίιστερος
1330 4127 1456 4180 Manetho
1468 4127 1515 4180 uti·

398 4209 439 4258 tur
451 4204 603 4273 apotelesm.
615 4203 640 4254 4.
653 4203 685 4255 26
698 4205 806 4273 aliique,
820 4207 902 4258 altera
912 4208 958 4259 ilia
968 4209 1054 4260 iorma
1065 4226 1151 4262 nemo.

466 4289 477 4322 ³
495 4288 563 4354 ἡνίαν
576 4289 647 4339 κινῶν
660 4287 736 4357 ὤμων
748 4290 808 4353 AH,
819 4291 866 4342 ubi
878 4294 951 4342 κινῶν
964 4293 1050 4345 fuerat
1061 4296 1159 4362 glossa.
1177 4294 1230 4347 Ioh.
1242 4295 1307 4363 Lyd.
1320 4297 1404 4348 νεόων.

465 4375 477 4407 ⁴
496 4374 539 4426 Sic
553 4372 636 4426 Gaisf.
649 4390 683 4426 ex
694 4373 725 4425 A.
738 4370 807 4424 ἀπέδ.
819 4374 851 4427 Η.
863 4374 892 4428 u.
906 4374 954 4444 θερ.
968 4374 1030 4427 ἀνεδ.
1043 4381 1115 4429 τινῶν
1123 4378 1221 4432 Bere.
1239 4379 1334 4449 Porph.
1344 4380 1410 4435 haec
1420 4383 1514 4436 dixisse

397 4457 528 4527 putandus
541 4463 593 4523 est,
606 4474 657 4527 quo
669 4459 727 4511 loco
740 4458 772 4510 de
783 4458 892 4512 deorum
903 4459 1014 4531 πολιτείᾳ
1025 4469 1122 4531 ageret.
1136 4507 1139 4516 ,
1391 4495 1394 4504 =

466 4542 653 4610 ⁵Didymaeus
665 4544 756 4598 Mileti.
910 4544 1030 4611 ⁶Sirim
1043 4551 1102 4615 γοῦν
1117 4547 1200 4603 Gaist
1213 4564 1274 4603 cum
1285 4551 1342 4607 rell.
