3592 5400
962 632 980 692 2

480 837 656 924 Ἀταρνεῖ,
683 820 722 903 οὗ
743 842 799 919 τής
822 842 928 922 φήμης
951 841 1161 923 μνημονεύων
1186 842 1242 905 τὸν
1263 839 1363 905 αυτοῦ
1381 841 1455 906 υἱὸν

479 981 657 1063 Νικάνορα
690 976 812 1064 ἔθρεψε
844 980 898 1041 καὶ
932 976 1116 1057 ἐπαίδευσε,
1150 980 1204 1042 καί
1237 979 1308 1044 υἱὸν
1341 980 1455 1059 ἐποιή-

480 1141 571 1198 σατο,
608 1119 663 1181 καὶ
703 1115 864 1182 τελευτῶν
904 1114 1071 1182 ἐκέλευσεν
1107 1115 1142 1182 ἐν
1179 1115 1358 1197 διαθήκαις
1392 1122 1454 1200 τήν

478 1261 596 1324 ἑαυτοῦ
630 1253 802 1341 θυγατέρα
836 1254 1014 1336 Πυθαίδα,
1052 1254 1232 1340 γενομένην
1268 1257 1356 1341 αὐτῷ
1389 1256 1454 1320 άπὸ

478 1394 668 1476 Πυθαίδος,
695 1393 839 1478 δοθῆναι
860 1394 949 1482 αὐτῷ
970 1397 1048 1481 πρὸς
1069 1401 1186 1480 γάμου.
1208 1397 1296 1471 Ἓως
1315 1399 1375 1479 μὲν
1396 1388 1454 1461 οὖν

480 1534 529 1599 ἔτι
552 1534 623 1611 νέος
642 1531 695 1618 ἦν,
715 1540 775 1617 τήν
794 1537 860 1600 τῶν
879 1533 1062 1621 ἐλευθέρων
1082 1535 1271 1602 ἐπαιδεύετο
1284 1535 1454 1615 παιδείαν,

480 1677 523 1749 ὡς
554 1674 650 1760 δηλοῖ
679 1678 720 1739 τά
744 1673 952 1760 γεγραμμένα
977 1674 1065 1760 αὐτῷ
1090 1678 1249 1760 ιΟμηρικά
1273 1675 1454 1759 ζητήματα,

481 1817 536 1879 καὶ
561 1820 582 1896 ή
604 1821 660 1897 τής
684 1812 829 1889 Ἰλιάδος
854 1812 994 1894 ἔκδυσις,
1020 1818 1060 1895 ήν
1083 1812 1203 1880 δέδωκε
1225 1820 1269 1899 τῷ
1288 1813 1457 1888 Ἀλεξάν-

483 1952 561 2039 δρῳ,
587 1956 641 2018 καί
666 1956 684 2017 0‘
706 1956 778 2040 περὶ
800 1958 947 2038 ποιητῶν
968 1952 1133 2035 διάλογος,
1156 1957 1210 2018 καί
1232 1956 1268 2018 τὸ
1286 1962 1342 2038 τῆς
1359 1978 1458 2038 ποιη-

483 2101 573 2175 τικής
605 2096 809 2179 σιίγγραμμα,
843 2096 900 2157 καί
925 2095 962 2158 αἴ
984 2097 1154 2179 ῥητορικαὶ
1179 2092 1312 2180 τέχναι,
1338 2096 1392 2158 καί
1417 2097 1458 2158 τά

484 2236 615 2319 ἰατρικά
638 2232 865 2319 προβλήματα,
892 2236 948 2297 καί
973 2236 1013 2297 τὰ
1038 2236 1160 2317 φυσικά
1184 2232 1398 2320 προβλήματα
1423 2235 1459 2299 ἐν

483 2360 708 2450 ἑβδομήκοντα
737 2359 879 2448 βιβλίοις
904 2363 998 2442 ὄντα,
1026 2363 1081 2425 καί
1106 2364 1146 2425 τά
1169 2359 1290 2425 ὀπτικά
1313 2359 1471 2447 προβλή-

388 2509 394 2520 ”
482 2526 584 2586 ματα,
621 2502 676 2566 καὶ
709 2503 749 2565 τὰ
780 2503 948 2587 μηχανικὰ
982 2498 1210 2586 προβλήματα,
1244 2501 1300 2563 καί
1331 2501 1372 2562 τά
1403 2525 1460 2577 γε-

484 2639 653 2730 γραμμένα
673 2640 762 2728 αὐτῷ
782 2640 992 2726 δικαιώματα
1012 2645 1078 2707 τῶν
1099 2638 1304 2725 Ἑλληνίδων
1317 2637 1458 2722 πόλεων,

485 2781 519 2857 ἐξ
543 2769 590 2849 ὧν
615 2781 782 2857 Φίλιππος
805 2785 863 2857 τάς
888 2780 1091 2867 φιλονεικίας
1111 2784 1178 2847 τῶν
1201 2779 1370 2862 Ἑλλήνων
1389 2778 1460 2846 διέ-

484 2921 594 3004 λυσεν,
614 2925 657 3000 ὥς
671 2921 1006 3013 μεγαλορρημονχεῖν,
1025 2946 1102 2987 ποτε
1121 2923 1175 2986 καί
1193 2924 1309 2988 εἰπεῖν·
1330 2921 1459 3006 αὥρισα

484 3069 544 3149 τήν
567 3063 762 3146 Πέλοπος.,,
788 3063 987 3148 Γέγραπται
1012 3062 1046 3127 δέ
1071 3061 1160 3147 αὐτῷ
1185 3065 1241 3127 καὶ
1265 3068 1286 3145 ή
1308 3064 1374 3128 τῶν
1396 3088 1460 3140 πο-Ι

486 3206 617 3274 λιτειῶν
640 3206 765 3293 ἱστορία
784 3206 931 3292 ὕστερον.
954 3207 1062 3270 Ἐτῶν
1085 3188 1119 3268 δὲ
1141 3208 1312 3288 γενόμενος
1334 3206 1459 3294 ,ἕπτάχ

486 3354 541 3416 καὶ
566 3348 659 3429 δέκα,
684 3351 740 3413 τοῦ
768 3353 884 3415 Πυθοῖ
907 3349 985 3411 θεοῦ
1011 3352 1188 3433 χρήσαντος
1208 3345 1301 3431 ἀὐτῷ
1325 3342 1460 3429 φιλοσο-

486 3496 559 3575 φεῖν
591 3496 669 3575 παρ’
700 3488 920 3572 Ἀθηναίοις,
950 3493 1048 3571 φοιτᾷ
1070 3490 1252 3572 Σωκράτει,
1278 3487 1333 3550 καί
1357 3492 1459 3568 συνήν

489 3634 581 3722 τὸν,
619 3629 712 3715 μέχρι
752 3626 904 3710 τελευτῆς
943 3625 1041 3690 αὐτοῦ
1081 3629 1198 3712 χρόνον
1229 3623 1315 3707 πλήν
1346 3623 1460 3703 ὀλίγον

487 3776 580 3838 ὄντα·
611 3773 692 3854 μετά
724 3768 758 3834 δέ
790 3772 906 3833 τοῦτον
939 3775 1037 3851 φοιτᾷ
1067 3765 1239 3846 Πλάτωνι,
1272 3768 1328 3829 καί
1357 3773 1460 3847 συνήν

487 3915 592 3994 τοιίτῳ
623 3911 679 3974 τὸν
710 3905 803 3993 μέχρι
835 3905 985 3987 τελευτῆς
1011 3905 1110 3972 αὐτοῦ
1134 3911 1251 3993 χρόνον
1276 3908 1461 3986 εἰκοσαετής

488 4055 673 4136 τυγχάνων,
699 4049 742 4121 ὠς
766 4046 863 4122 αὐτὸς
883 4044 1083 4112 ἐπιστέλλων
1105 4044 1262 4130 Φιλίππῳ
1283 4043 1382 4125 λέγει,
1404 4047 1461 4109 καί

488 4190 572 4253 οὕτω
610 4186 794 4271 φιλοπόνως
834 4193 935 4267 συνήν
970 4183 1142 4266 Πλάτωνι,
1178 4187 1221 4261 ὡς
1255 4190 1315 4267 τήν
1351 4185 1460 4249 οῖκίαν

489 4327 588 4392 αυτοῦ
622 4325 837 4403 άναγνιίιστου
869 4325 978 4389 οἰκίαν
1010 4331 1330 4411 προσαγορευθῆναι·
1366 4325 1461 4406 θαμὰ

489 4471 551 4551 γὰρ
574 4464 717 4531 Πλάτων
742 4462 865 4544 ἔλεγεν·
893 4462 1065 4546 ζ(άπίωμεν
1088 4466 1131 4539 εἷς
1153 4468 1212 4545 τήν
1234 4470 1289 4529 τοῦ
1306 4462 1462 4541 ἀναγνώ-
