3592 5400
763 538 807 580 nu
824 538 1032 583 nnuuomaus.
1399 521 1459 585 227

342 687 376 753 τὸ
393 687 599 775 πνευματικὸν
619 688 776 750 πιαίνεται.
797 686 860 769 (Sic
879 693 916 751 do
936 712 1031 753 orace.
1053 711 1081 769 p.
1102 694 1159 753 148
1177 702 1207 750 et
1221 696 1279 753 149
1295 695 1340 753 ed.
1357 690 1460 773 meae.)

342 804 438 879 Quum
457 804 549 882 igitur
566 804 604 861 do
623 804 709 862 malis
728 804 918 862 daemonibus
939 805 1006 863 libri
1026 804 1062 861 de
1084 822 1177 862 oram.
1199 814 1228 863 et
1248 805 1284 863 de
1303 807 1379 864 abst.
1400 807 1461 865 fera

340 915 540 985 consentiant,
569 915 712 973 acuminis
738 922 835 972 tamen
861 924 891 972 et
917 916 1031 974 consilii
1062 915 1271 974 incrementum
1300 925 1459 992 praestant.

338 1026 405 1085 lllio
424 1045 485 1085 non
504 1034 676 1102 negaverat,
697 1026 768 1083 daos
788 1044 876 1101 possa
896 1026 998 1096 irasci,
1019 1044 1137 1095 nouere,
1161 1027 1288 1095 exorari,
1310 1028 1461 1086 sacrifieiis

338 1136 494 1207 delectari,
520 1136 591 1212 quin
616 1136 705 1193 etiam
730 1136 847 1193 mentiri
872 1137 1043 1212 magicaque
1068 1144 1131 1194 arte
1155 1138 1233 1214 cogi3
1259 1138 1290 1194 in
1317 1138 1399 1196 libris
1425 1139 1461 1196 do

338 1249 414 1307 abst.
426 1246 609 1305 haecomnia
621 1246 706 1304 malis
718 1247 907 1305 daemonibus
920 1247 1034 1315 tribuit,
1050 1248 1098 1321 qui
1111 1247 1230 1305 fallendi
1243 1267 1331 1306 causa
1341 1249 1460 1306 deorum

339 1377 410 1435 prae
429 1375 465 1417 se
482 1356 593 1414 ferrent
612 1358 748 1433 speeiem.
778 1358 843 1415 lllio
863 1376 964 1415 omnes
980 1357 1117 1433 perieulis
1132 1359 1272 1416 malornm
1288 1360 1461 1417 daemonum

340 1467 481 1528 obnoxios
496 1486 564 1527 essa
578 1476 747 1526 oensnerat:
764 1465 810 1524 hio
824 1487 927 1544 pamm
943 1468 1180 1545 philosophorum
1195 1470 1324 1527 animum
1335 1469 1373 1528 iis
1388 1470 1461 1529 libe·

340 1599 402 1637 rum
418 1597 487 1637 esso
500 1578 599 1637 tradit.
630 1577 721 1637 Saura
734 1578 851 1655 quidam
864 1579 980 1655 publica
991 1579 1027 1636 ad
1040 1579 1196 1639 daemones
1207 1581 1281 1638 istos
1292 1580 1459 1658 placandos,

340 1697 371 1747 ut
381 1690 479 1759 Plato,
491 1689 534 1746 ita
545 1689 632 1746 etiam
644 1689 708 1764 ipse
719 1689 857 1758 admittit,
873 1690 925 1747 sed
937 1689 1001 1746 ideo
1013 1691 1151 1760 admittit,
1163 1692 1239 1766 quod
1247 1692 1366 1749 diritius
1373 1692 1461 1749 aliae·

340 1818 395 1876 que
410 1818 475 1875 res,
493 1817 568 1875 quas
583 1799 702 1876 sapiens
717 1819 774 1858 non
790 1808 924 1876 appetat,
946 1800 1112 1859 civitatibus
1127 1802 1280 1859 rideantur
1294 1821 1360 1861 esse
1374 1803 1460 1860 bona.

341 1910 406 1985 Quo
421 1911 516 1987 magis
530 1918 626 1967 aetate
641 1911 866 1986 provehebatur,
888 1930 921 1967 eo
942 1911 1051 1967 maiore
1070 1912 1201 1988 negotio,
1223 1931 1257 1969 eo
1277 1912 1461 1990 diligentiora

338 2020 503 2081 subtilitate
518 2022 608 2078 bonos
623 2021 778 2079 daemones
799 2041 817 2078 a
835 2020 922 2078 malis
937 2021 1144 2098 distinguebat.
1174 2022 1316 2080 Proculus
1331 2022 1367 2079 ad
1382 2023 1460 2081 Tim.

338 2153 367 2209 p.
383 2132 444 2190 142
457 2149 488 2188 oz
507 2134 570 2189 τῶν
586 2115 750 2213 δαιμόνων,
772 2126 859 2212 φησὶν
875 2128 892 2187 ὁ
909 2123 1088 2212 ΙἸσρφΰρισς,
1110 2130 1137 2188 oi
1152 2125 1206 2214 μὲν
1222 2127 1252 2188 ἐν
1267 2137 1306 2208 τῇ
1322 2125 1461 2189 συστάσει

337 2235 434 2299 πλέον
448 2235 484 2298 τὸ
498 2234 601 2323 πὸρισν
614 2241 733 2323 ἔχοντες
748 2237 850 2322 ὁρατοὶ
865 2235 949 2310 ὄντες
964 2226 1050 2298 οὐδὲν
1066 2241 1182 2324 ἔχουσιν
1195 2234 1371 2317 attaminat,
1387 2240 1415 2299 ol
1427 2225 1461 2299 11

339 2348 392 2410 καὶ
405 2355 463 2435 γῆς
477 2346 692 2434 μετειληφότες
706 2346 904 2410 ὑποπίπτουσι
918 2357 958 2430 τῇ
974 2350 1045 2433 ἀφῇ.
1064 2354 1110 2409 Ita
1121 2353 1205 2410 Plato
1217 2352 1344 2410 siderum
1355 2353 1460 2412 animis

336 2463 455 2541 igneam
471 2480 537 2521 esse
553 2469 698 2532 naturam,
714 2462 904 2521 daemonibus
919 2462 1072 2519 materiam
1087 2462 1242 2521 admistam
1257 2481 1323 2521 esse
1338 2463 1458 2522 dixerat.

338 2573 406 2632 Hoc
424 2573 606 2650 Porphyrius
626 2573 645 2631 l.
668 2591 769 2631 oomm.
791 2591 825 2629 eo
844 2574 949 2648 probat
968 2579 1152 2647 argumento,
1173 2572 1251 2647 quod
1270 2575 1459 2631 Etruseorum

337 2683 497 2743 mentones
512 2702 570 2741 non
587 2684 681 2743 solum
695 2700 807 2741 vermes
821 2682 984 2759 genuerint,
1005 2682 1056 2739 sed
1072 2683 1216 2742 combusti
1231 2683 1318 2741 etiam
1334 2683 1460 2743 cinerem

338 2794 521 2870 reliquerint.
537 2824 578 2834 -
593 2793 748 2871 Angustin.
763 2794 801 2851 ds
815 2792 868 2850 civ.
885 2793 931 2850 dei
947 2794 994 2862 10,
1008 2794 1037 2864 ll,
1051 2794 1085 2851 ⁴2:
1103 2792 1307 2871 „Quamquam
1320 2788 1459 2873 (Porphy-

337 2905 399 2964 rius
418 2904 451 2963 in
470 2905 537 2964 libr.
557 2904 594 2961 de
613 2903 728 2962 animae
747 2898 897 2981 regressu)
918 2903 1065 2961 discernat
1084 2925 1102 2962 a
1122 2906 1310 2965 daemonibus
1329 2909 1459 2985 angelos,

337 3015 419 3075 aeria
429 3034 496 3075 esse
508 3016 573 3073 loos
582 3015 763 3085 daemonum,
776 3014 907 3072 aetheria
918 3015 964 3074 vel
976 3034 1112 3092 empyrea
1123 3016 1272 3077 disserens
1280 3019 1459 3097 angelorum,

339 3134 369 3186 et
388 3125 545 3185 admoneat
564 3126 701 3183 utendum
721 3125 844 3184 alieuius
863 3125 1014 3184 daemonis
1033 3128 1176 3199 amicitia,
1197 3147 1254 3205 quo
1271 3130 1460 3188 subvectante

338 3238 385 3296 vel
399 3236 549 3314 paululum
564 3236 660 3312 possit
674 3236 781 3293 elevari
802 3256 820 3293 a
834 3243 913 3293 terra
926 3236 1049 3311 quisque
1064 3246 1132 3312 post
1146 3247 1267 3297 mortem
1274 3234 1303 3308 ,“
1322 3232 1386 3315 (hio
1401 3239 1459 3299 Ge-

339 3348 406 3413 nius
427 3354 475 3406 est
494 3346 665 3406 Platonicus
688 3347 845 3404 seeundum
870 3346 959 3403 verba
984 3346 1166 3421 philosophi,
1191 3366 1248 3405 non
1269 3343 1458 3426 sententiam)

342 3459 449 3534 „aliam
464 3477 532 3516 vero
547 3457 622 3515 viam
638 3476 704 3516 esso
718 3457 870 3534 perhibeat
884 3456 922 3513 ad
937 3456 1104 3533 angelorum
1125 3474 1252 3532 superna
1266 3455 1458 3515 consortia“..

341 3562 524 3647 (theurgiam,
533 3568 576 3626 da
591 3586 649 3644 qua
662 3576 767 3644 postea
780 3559 896 3644 dicam).
929 3563 1102 3641 πΑιιίιιιιιιιια
1120 3566 1262 3643 impuram
1284 3575 1370 3644 „post
1383 3588 1459 3626 mor·

341 3686 398 3738 tum
412 3679 521 3737 luendo
535 3697 645 3759 poepas
661 3679 770 3737 cultum
785 3674 976 3737 daemonnm“
993 3678 1148 3748 malornm,
1167 3698 1204 3753 „a
1218 3678 1323 3753 quibus
1338 3678 1459 3736 eircum-

340 3789 519 3859 reuiebatur,
533 3785 731 3849 horrescere.“
759 3787 887 3848 Oraoula
898 3806 986 3864 quum
998 3788 1186 3847 daemonibus
1198 3789 1284 3856 Plato
1299 3788 1458 3860 tribuisset,

340 3901 423 3960 bonis
443 3899 633 3960 daemonibus
654 3900 724 3959 solis
744 3899 927 3976 Porphyrius
947 3899 983 3957 de
1003 3901 1079 3957 abst.
1097 3899 1125 3969 t,
1142 3902 1180 3958 41
1198 3899 1309 3958 tribuit.
1335 3901 1369 3959 In
1384 3900 1459 3959 libro

340 4010 374 4070 de
394 4010 521 4070 oraculis
540 4011 632 4069 altero
652 4019 715 4068 arto
735 4009 848 4087 magica
868 4009 956 4067 etiam
978 4010 1048 4067 deos
1068 4010 1130 4088 oogi
1151 4010 1276 4082 dixerat,
1299 4018 1401 4087 postea
1422 4011 1459 4067 ad

340 4112 433 4181 malos
446 4128 559 4179 tantum
572 4122 727 4180 daemones
739 4121 827 4179 istam
837 4128 930 4178 artem
942 4113 1092 4199 refert‚(de
1102 4121 1178 4179 abst.
1193 4123 1221 4192 2,
1235 4122 1286 4191 45,
1298 4121 1334 4177 de
1345 4120 1460 4178 animae

339 4250 475 4311 regressu
495 4251 541 4309 ap.
562 4231 716 4309 Angustia.
739 4231 775 4288 de
795 4230 848 4326 aig.
871 4230 917 4288 dei
934 4232 964 4307 2,
980 4232 998 4289 9
1005 4252 1013 4302 ;
1039 4249 1103 4289 oum
1123 4232 1285 4307 Porphyrio
1305 4229 1458 4300 consentit,

338 4342 404 4403 fort.
426 4362 463 4400 ex
482 4362 516 4401 eo
537 4341 635 4400 hausit
653 4342 762 4401 Minue.
783 4341 869 4400 Felix
888 4340 958 4401 Oct.
977 4343 1027 4412 26,
1050 4335 1095 4421 9),
1118 4342 1155 4398 ad
1176 4342 1265 4398 bonos
1286 4339 1457 4417 theurgiam,
1488 4385 1506 4423 0

339 4472 426 4530 quam
441 4453 566 4512 mediam
581 4452 658 4510 inter
671 4446 814 4534 γοητείαν
829 4460 859 4511 et
874 4445 1031 4535 deosopho
1047 4445 1133 4531 (quae
1146 4451 1184 4508 ad
1196 4441 1297 4507 ἕνωσιν
1308 4442 1458 4532 perducat)

1205 4560 1255 4612 15·
