3592 5400
340 517 346 525 ·
393 498 455 563 154
887 521 979 567 menn
991 522 1023 568 ιτ.

494 729 497 734 .
519 668 639 756 ἠερίων1
655 666 794 765 υπξνερθε
810 667 930 756 μυχῶν2
944 665 1068 755 χθονίων
1082 668 1108 731 τ’
1120 667 1283 756 ἐφύπερθεν
1289 669 1310 732 ³.

456 786 601 845 Eusebius
621 805 720 861 praep.
738 804 780 843 ev.
798 785 831 842 V.
850 787 878 843 8.
899 789 910 844 l
930 805 959 860 p.
976 788 1034 844 114
1050 793 1122 844 extr.
1140 785 1242 861 steph.
1259 807 1288 862 p.
1305 789 1399 846 193a.
1415 788 1510 866 Viget.

392 905 459 974 post
479 898 625 955 oraculum
645 896 801 972 Porphyrii
822 897 858 954 de
878 897 997 955 deorum
1016 897 1155 973 cuiusque
1179 898 1330 972 provincia
1355 904 1385 956 et
1407 900 1511 960 studiis

393 1003 440 1087 (of.
454 1028 543 1085 supra
554 1029 582 1084 p.
600 1000 670 1085 124)
686 1008 728 1064 ita
739 1007 847 1085 porgit:

460 1110 605 1180 Ἔτιίσκεψαι
624 1109 650 1162 δὲ
668 1107 760 1179 πότεροί
778 1129 816 1162 σοι
835 1110 897 1170 θείας
916 1104 975 1161 εἶναι
993 1111 1060 1162 δοκεῖ
1078 1110 1186 1180 φύσεως,
1208 1112 1223 1176 ἢ
1243 1111 1338 1181 φαύλης
1357 1113 1397 1165 καὶ
1416 1114 1511 1184 μοχθη-

393 1206 508 1275 ροτάτης,
527 1202 556 1256 τὰ
575 1203 627 1270 ἑξῆς
645 1202 817 1273 ἐπιλεγόμενα·

456 1298 571 1388 Ὀρθῶς
591 1301 641 1363 καὶ
661 1309 752 1363 τοῦτο
778 1304 793 1362 ὁ
816 1279 922 1375 λ’)όδιος
942 1299 1141 1389 Πυθαγόρας4
1163 1300 1353 1387 ἀπεφήνατο,
1382 1303 1429 1366 ὅτι
1459 1309 1514 1392 οὐχ

398 1412 411 1432 (Ι

392 1401 516 1481 ηδονται
532 1416 558 1473 οἱ
573 1403 780 1499 κλνιιζόμενοι5
796 1413 844 1475 ἐπὶ
854 1422 921 1485 ταῖς
938 1408 1065 1485 θυσίαις6
1082 1408 1157 1486 θεοί,
1179 1409 1295 1501 ἀνάγκῃ
1312 1402 1353 1488 Ιδέ
1367 1437 1426 1475 τινι
1442 1417 1511 1476 ἀκο-

392 1520 512 1596 λουθίας
534 1519 688 1609 συρόμζενοι
710 1523 936 1611 παραγίνονται·
959 1523 1009 1584 καὶ
1031 1527 1058 1584 οἱ
1080 1520 1133 1608 μὲν
1156 1524 1286 1609 μᾶλλον,
1310 1527 1336 1584 οἱ
1357 1512 1390 1586 δὲ
1409 1518 1509 1594 ἦττον.

394 1631 471 1706 τινὲς
493 1622 525 1694 δὲ
541 1633 591 1695 καὶ
607 1631 721 1720 ὥσπερ7
737 1629 802 1709 ἔθος
816 1631 1012 1721 ποιησάμενοι
1031 1642 1086 1706 τῆς
1101 1637 1215 1697 ἑαυτῶν
1235 1634 1398 1720 παρουσίας
1421 1638 1511 1722 εὐμα-

394 1741 528 1832 ρέστερον
545 1752 683 1830 φοιτῶσι,
704 1744 754 1807 καὶ
774 1742 908 1833 μάλιστα
928 1743 997 1808 ίδιν8
1012 1744 1063 1805 καὶ
1083 1742 1167 1831 φύσει
1188 1740 1297 1833 ἀγαθοὶ
1312 1743 1510 1836 τυγχάνωσιν·

462 1923 469 1955 ¹
489 1919 575 1989 ἱερήων
594 1921 668 1974 OFG.

461 2006 574 2076 2μόθων
592 2008 646 2061 ΑΗ.
684 2006 767 2078 Μυγοί
785 2013 847 2060 sunt
864 2007 951 2077 adyta.
987 2007 1100 2060 Sensus:
1124 2007 1264 2072 sabaim,
1288 2009 1315 2062 iu
1338 2026 1417 2078 quem
1437 2027 1510 2063 nemo

391 2095 509 2147 mortalis
527 2099 652 2163 penetrat.
913 2094 914 2097 ’

460 2180 471 2213 ³
489 2179 643 2232 Theodorei.
661 2181 678 2231 l.
695 2196 789 2232 comm.
801 2181 900 2248 pergit:
919 2179 959 2230 nai
977 2184 1079 2230 τοιαῦτα
1097 2179 1158 2231 ἅττα
1176 2180 1203 2247 (i.
1215 2197 1237 2233 e.
1257 2196 1395 2249 quaequae
1413 2186 1476 2234 sunt
1491 2198 1509 2234 s.

393 2282 459 2336 quae
472 2265 615 2317 describere
628 2281 681 2316 non
693 2265 784 2329 refert3
802 2265 842 2320 his
854 2265 940 2317 verbis
954 2267 1086 2318 oraculum
1100 2266 1272 2334 penultimum
1285 2266 1432 2334 significat,
1446 2266 1510 2336 quod

393 2351 492 2419 omisit)
531 2349 638 2418 ροσδείς,
657 2348 697 2398 καὶ
715 2347 757 2414 τὴν
776 2349 862 2419 εὐχήν,
881 2351 910 2415 ἢν
924 2351 960 2400 δεῖ
973 2350 1062 2401 δύοντα
1076 2353 1257 2420 προσενεγκεῖν,
1276 2349 1442 2411 ἐξεπαίδευσε.’
1461 2353 1511 2405 δαῖ-

393 2454 439 2507 μον
458 2441 484 2488 et
502 2453 527 2504 q.
541 2452 561 2488 s,
580 2434 676 2487 Versus
695 2436 783 2504 scripti
801 2440 831 2487 ut
848 2453 889 2504 ap.
908 2436 1019 2500 Euseb.,
1037 2437 1088 2488 nisi
1107 2436 1176 2505 quod
1194 2453 1245 2488 oni.
1261 2436 1291 2503 τ’,
1309 2432 1357 2504 pro
1371 2453 1424 2505 qua
1435 2437 1510 2507 parti·

393 2524 453 2575 cula
467 2521 583 2590 Sylburg
595 2521 625 2572 δ’.
661 2521 798 2573 Praeteiea
809 2521 866 2574 ood.
880 2523 975 2590 aliquis
988 2521 1075 2574 Ursini
1088 2522 1193 2590 δαίμονα
1205 2521 1354 2591 λυτρονόων.
1369 2554 1403 2562 -
1415 2521 1510 2594 Ἀνδρος
1530 2580 1536 2588 ,

393 2607 546 2679 ἀλιτρονόοιο
565 2606 624 2674 βοήν
636 2607 721 2659 Noun.
733 2606 788 2660 loh.
801 2607 825 2660 9.
839 2606 885 2669 31,
905 2604 1019 2677 μεριμνίις
1036 2607 1107 2659 Paul.
1126 2607 1216 2659 Sileni.
1229 2605 1317 2675 ecphr.
1336 2607 1396 2661 289.
1416 2606 1510 2677 ἀλιτρο·

392 2696 459 2746 νόοιο
479 2693 594 2763 δαίμονος
613 2690 678 2763 ὁρμή
695 2693 757 2747 ibid.
776 2691 834 2746 559.
869 2694 947 2746 Malis
971 2693 1109 2746 animabus
1128 2693 1282 2745 daemonem
1299 2694 1376 2746 illum
1393 2710 1509 2764 praeesse

393 2788 418 2833 et
435 2784 503 2833 inter
521 2781 608 2832 airam
627 2779 787 2848 Oroumque,
805 2780 823 2833 i.
837 2796 859 2832 e.
878 2780 906 2830 iu
924 2785 1009 2831 terrae
1027 2780 1178 2847 regionibus
1196 2780 1288 2847 vagari
1308 2781 1458 2833 vaticinatio
1475 2782 1509 2833 in·

393 2868 469 2921 dicat.
507 2866 624 2933 Namque
643 2865 783 2930 daemones
801 2866 874 2928 mali,
893 2866 930 2916 ait
946 2864 1039 2934 Porph.
1053 2865 1191 2917 deabstin.
1205 2864 1266 2927 239,
1285 2864 1361 2916 πλέον
1380 2873 1418 2935 τῷ
1436 2865 1510 2929 ποιόν,-
1536 2907 1542 2918 ,

393 2956 454 3021 τικῷ
472 2951 583 3019 νέμοντες
602 2948 643 2999 τδν
662 2949 781 3018 περίγειον
799 2951 890 3018 τόπον,
909 2948 979 3002 οὐδὲν
992 2948 1005 3002 δ
1018 2968 1041 3000 τι
1052 2953 1101 3001 τῶν
1115 2952 1197 3000 κακῶν
1215 2948 1260 3001 οὐκ
1278 2947 1428 3019 ἐπιχειροῦσι
1447 2952 1509 3020 δρᾶν.

392 3039 446 3091 Hos
465 3037 605 3088 daemones
624 3052 681 3086 esse
700 3036 801 3087 animas
820 3036 913 3104 spiritu
931 3037 1055 3088 materiae
1076 3042 1101 3088 ot
1119 3053 1257 3104 corporum
1274 3036 1451 3101 terrestrium,
1469 3036 1510 3106 qui

392 3122 538 3185 inhaereat,
557 3125 700 3190 superatas.
719 3151 752 3159 -
772 3120 892 3173 Genuina
910 3138 968 3173 esse
986 3127 1096 3191 possunt
1113 3121 1178 3173 haec
1193 3122 1242 3173 tria
1255 3122 1374 3184 oracula,
1394 3123 1467 3191 quia,
1485 3125 1511 3173 ut
1546 3108 1551 3124 ⁸

393 3210 445 3262 alia
461 3209 584 3278 plurima,
607 3207 777 3259 caerimonias
794 3208 975 3277 praescribunt
992 3224 1077 3276 neque
1095 3207 1127 3259 ad
1145 3205 1324 3276 philosophiae
1343 3208 1510 3260 subtilitatem

392 3295 544 3349 ascendunt.

460 3382 472 3413 ⁴
491 3380 607 3450 Scriptor
624 3379 740 3448 ignotus.
768 3379 876 3432 Videtur
896 3379 951 3449 aspi
970 3379 1030 3429 θεῶν
1049 3379 1191 3447 scripsisse.
1228 3378 1329 3431 Aeneas
1348 3378 1412 3433 Gaz.
1431 3378 1509 3431 Τίτου

391 3466 491 3539 phrasti
512 3485 537 3537 p.
552 3466 583 3517 (31
602 3454 735 3517 Boisson.:
759 3462 790 3516 ‘0
809 3468 869 3533 γοῦν
887 3464 1047 3533 Πυθαγόρας,
1073 3462 1121 3533 οὐχ
1145 3461 1162 3513 ὁ·
1177 3449 1281 3531 Σίιμιος,
1304 3461 1361 3515 ἀλλ’
1386 3443 1509 3530 όρόδιος,

392 3552 492 3623 μέλλων
517 3551 698 3622 ψυχομαντείαν
722 3550 895 3620 παραδιδόναι,
923 3549 983 3608 τίνες
1007 3547 1029 3598 οἱ
1052 3548 1199 3617 καλούμενοι
1223 3547 1251 3598 τδ
1276 3552 1375 3619 πρῶτον
1400 3547 1509 3615 ἐπιζητεῖ,

328 3657 331 3662 ’
392 3640 495 3709 πότερον
519 3638 568 3688 θεολ
585 3626 606 3703 7ἢ
625 3637 737 3706 δαίμονες
760 3637 775 3701 ἢ
795 3635 889 3686 τούτων
914 3631 1056 3702 ἀπόρροιαι,
1079 3634 1119 3684 καὶ
1142 3636 1246 3703 πότερον
1269 3633 1365 3703 δαίμονι
1389 3629 1420 3695 εἷς
1438 3632 1540 3693 ἄλλοςι

392 3717 451 3775 εἶναι
469 3725 550 3775 δοκῶν
568 3724 583 3788 ἢ
603 3721 694 3773 πολλοὶ
712 3721 752 3772 κοιλ
771 3723 840 3789 σφῶν
860 3719 941 3771 αὐτῶν
960 3719 1127 3787 διαφέροντες,
1147 3718 1170 3768 οἱ
1183 3717 1225 3787 μὲν
1237 3718 1337 3789 ἥμεροι,
1357 3719 1380 3770 οἷ
1393 3721 1415 3771 δ’
1426 3717 1509 3790 ἄγριοι,

305 3893 308 3900 “
392 3892 469 3967 λαιῶν
493 3893 533 3968 καὶ
555 3896 604 3943 τῶν
627 3892 728 3961 ὕστερον
752 3889 862 3961 ταραχὴν
885 3887 1048 3959 ὑπογράφων,
1073 3888 1144 3949 τέλος
1166 3884 1275 3958 προίεται
1297 3889 1415 3959 δαίμονος
1437 3889 1510 3960 ἀπόρ-

393 3996 460 4048 ροιαν
479 3970 585 4027 εἶναιτὸ
605 3975 697 4047 φάσμα.

462 4063 472 4095 ⁵
490 4062 545 4115 Hac
557 4062 643 4113 forma
651 4061 730 4114 Attici
739 4078 843 4130 quoque
852 4062 1005 4126 utebantur,
1015 4061 1087 4113 velut
1098 4060 1166 4113 Xon.
1182 4059 1276 4129 Cyrop.
1291 4060 1313 4113 l.
1327 4060 1352 4115 2.
1368 4054 1511 4126 1.-κληί-

392 4166 465 4220 τομοι
483 4147 531 4201 CF.
550 4178 584 4187 -
601 4148 631 4199 H.
644 4148 661 4201 l.
674 4148 691 4199 i.
704 4164 728 4215 q.
748 4148 854 4199 evocati.

460 4237 471 4270 ⁶
490 4233 633 4304 παρουσίαις
651 4231 772 4285 BODFG.

460 4320 471 4356 ί
490 4320 530 4372 καὶ
549 4316 602 4380 ἔθος
621 4317 704 4387 ὥσπερ
722 4316 849 4381 BCDFG,
865 4318 920 4368 rell.
940 4313 973 4376 ὡς
990 4334 1037 4385 pro
1056 4317 1104 4371 καί,
1140 4317 1252 4386 Vigerus
1271 4315 1356 4387 ὥσπερ
1375 4320 1510 4373 delendum
1547 4336 1550 4341 ’

393 4413 488 4460 censet.
523 4407 580 4475 Ego
599 4404 748 4474 transposui
763 4419 805 4467 eo,
824 4403 869 4454 ubi
881 4402 911 4458 Α.
925 4398 957 4460 ὡς
970 4404 1084 4471 praebet.
1120 4402 1201 4466 Quasi
1213 4404 1429 4458 consuetudinem
1440 4422 1510 4476 prae·

393 4493 490 4545 sentiae
507 4493 590 4555 nacti,
608 4491 701 4561 inquit.

462 4578 472 4611 ⁸
491 4574 588 4650 μάλιστ’
602 4577 629 4630 ἂν
649 4616 695 4628 ...
714 4575 870 4648 τυγχάνωσιν
888 4572 978 4647 ἀγαθοί
994 4573 1092 4631 BOFG.
1110 4604 1144 4616 -
1161 4573 1324 4646 τυγχάνουσιν
1342 4575 1373 4631 Α
