3592 5400
704 533 909 577 onuct'uouvrt
931 533 1092 577 annuunt.

509 687 544 748 od
559 680 624 758 θεὸς
638 680 752 747 ἀντιάει
767 679 834 747 κατ’
849 680 1027 770 ἀταρπιτίν,
1043 670 1105 745 οὐθ’
1120 681 1181 771 ἐγὼ
1196 680 1286 756 αὐτὸς

509 794 641 860 οίιιτῖσινι
656 791 799 859 συνιὼν2
814 782 1004 881 ίπιιιίθνιιμαι
1019 781 1208 881 αἰθεροθιννὶς.

509 905 591 969 ἀλλά
604 904 688 969 πέλει
702 915 823 993 πυρσοῖο
836 903 905 969 θεοῦ
919 904 1115 993 περιρινζιιετος
1130 903 1229 966 αὐλών
1235 901 1257 982 ³,

439 1024 488 1082 10.
511 1015 607 1106 ἕρπων
623 1005 773 1105 citissimo,
790 1007 1001 1103 ῥοιζοθριενοςί.
1017 1018 1051 1077 οὐ
1066 1012 1120 1102 μὲν
1136 1014 1248 1078 ἐκείνου

509 1120 661 1216 ἁψοίριενος
675 1126 763 1216 πυρὸς
780 1124 908 1214 αἰθερίου
924 1114 1045 1188 detecti
1059 1124 1120 1199 τις5
1135 1117 1222 1213 ἦτορ·

447 1284 453 1292 ,
510 1241 544 1302 od
559 1236 616 1326 γὰρ
633 1242 693 1326 ἔχει
709 1225 824 1300 brieri.
847 1227 955 1323 ἀζηχεῖ
967 1223 993 1297 δ’
1008 1237 1038 1299 ἐν
1054 1224 1253 1324 ρελεδιοθμιῖι6

510 1346 583 1412 οιίὼν
599 1352 701 1410 αἰῶσιν
717 1346 904 1435 ὲπιριίγνοται
920 1348 955 1409 ἐκ
969 1343 1037 1409 θεοῦ
1054 1348 1155 1409 αὐτοῦ.

510 1457 675 1547 αὐτοφυής,
692 1446 870 1536 ἀδίδακτος,
887 1456 1026 1548 ἀμήτωρ,
1043 1455 1286 1546 ἀστυρέδικτοςί,

407 1670 417 1703 ¹
437 1666 529 1720 ἀατίσιν
547 1668 578 1737 Β,
596 1666 690 1719 ἀιιτίσιν
708 1668 747 1723 st.

407 1753 420 1788 ²
438 1753 482 1806 Sic
500 1754 597 1807 conieci
614 1771 661 1825 pro
680 1753 797 1823 σινὲρων,
832 1753 871 1806 Ne
893 1768 943 1822 ego
962 1753 1078 1822 quidem,
1097 1752 1155 1817 Sol,
1178 1753 1257 1805 radiis
1274 1769 1316 1805 me
1333 1768 1457 1822 praesens

341 1855 372 1891 eo
390 1837 510 1903 effundo,
534 1840 550 1891 i.
569 1856 592 1893 e.
611 1855 644 1891 ue
667 1855 716 1908 ego
739 1838 844 1908 quidem
866 1854 982 1907 uuquam
1005 1853 1057 1889 una
1079 1854 1140 1889 cum
1157 1837 1218 1906 igue
1235 1838 1280 1890 illo
1297 1854 1399 1902 versor,
1416 1854 1457 1890 ra·

338 1924 428 1978 diesve
450 1940 524 1977 meos
548 1940 579 1978 eo
602 1940 685 1993 usque
702 1939 812 1993 spargo,
835 1924 955 1993 quamvis
978 1939 1024 1993 per
1047 1921 1178 1974 aetherem
1195 1923 1322 1990 vertigine
1340 1939 1411 1990 agar.
1424 1953 1457 1963 -

339 2007 488 2078 αἰθεροδίνης
505 2008 537 2062 Β.
571 2009 617 2062 Est
640 2011 656 2062 i.
675 2025 699 2078 q.
724 2008 897 2078 αἰθροδόνητος
920 2024 961 2078 ap.
982 2006 1168 2061 Manethouem
1192 2008 1343 2076 apotelesm.
1366 2007 1457 2072 tuo&

340 2094 491 2148 terminatio
510 2099 583 2149 extat
600 2095 627 2147 in
644 2093 798 2161 καλλιδινής,
817 2092 951 2162 περιδινής,
969 2092 1109 2158 πολοδινής.

407 2179 418 2212 ³
437 2179 595 2249 περιμήκετος
613 2176 688 2239 ἀλαός
705 2179 814 2248 Dionys.
832 2178 934 2246 Perieg.
947 2179 1006 2231 599.
1036 2177 1106 2246 ἕρκος
1124 2177 1283 2248 περιμήκετον
1302 2177 1380 2248 Orph.
1392 2179 1454 2248 Arg.

338 2263 403 2329 893,
422 2264 582 2334 περιμήκετον
599 2264 661 2332 ἥβην
680 2263 764 2317 ¹Noun.
782 2263 890 2318 lohaun.
903 2264 927 2328 9,
943 2263 998 2316 191.
1020 2293 1049 2304 -
1068 2262 1151 2314 αὐλῶν
1168 2262 1200 2318 Β.

407 2351 419 2384 ⁴
437 2347 555 2419 Ἑλίγδην
570 2349 663 2402 dasch.
675 2350 760 2402 Prom.
770 2348 828 2404 884.
850 2349 924 2418 Epiri
935 2347 1033 2400 εἱλίσσω
1045 2366 1091 2420 pro
1104 2347 1204 2404 ἑλίσσω.
1217 2380 1250 2389 -
1262 2347 1357 2418 ροιζέω,
1376 2348 1457 2419 ῥοῖζος

338 2450 418 2504 saepe
435 2435 504 2504 apud
521 2436 678 2505 posteriores
696 2436 727 2487 de
746 2435 888 2498 celeritate,
907 2451 989 2504 quum
1006 2441 1079 2487 tenta
1097 2440 1149 2498 est,
1168 2440 1197 2488 ut
1214 2451 1259 2487 aer
1276 2441 1382 2505 strepat.
1417 2437 1457 2489 Si-

337 2521 408 2573 milis
428 2521 527 2574 oraculi
539 2519 670 2573 Chaldaici
687 2537 711 2573 v.
724 2536 766 2590 ap.
779 2520 918 2572 Proculum
932 2520 959 2572 iu
971 2519 1036 2571 Plat.
1055 2535 1136 2588 remp.
1154 2537 1180 2589 p.
1193 2519 1255 2571 379:
1274 2521 1289 2586 ἢ
1309 2522 1361 2589 φῶς
1379 2521 1456 2573 πλού-

339 2620 392 2658 σιον
411 2601 552 2676 ἀρριχίδην
570 2604 679 2675 ῥοιζαῖον
696 2604 800 2675 ίλιχθέν.

407 2689 419 2725 ⁵
437 2690 516 2746 Godd.
529 2690 616 2744 δείσειε
629 2697 655 2744 ct
665 2708 690 2746 v.
704 2708 759 2761 seq.
772 2689 849 2756 δοίην.
872 2689 903 2743 lu
914 2689 936 2743 Β
948 2690 1038 2760 glossa
1048 2690 1162 2759 margini
1174 2689 1207 2743 ad
1218 2707 1242 2743 r.
1254 2690 1271 2743 4
1283 2691 1395 2762 ascripta
1406 2690 1457 2746 huc

336 2777 463 2847 pertinet:
486 2773 608 2828 δέαείνου
631 2775 751 2847 ἁψάμενος
774 2775 803 2828 οὗ
828 2776 918 2845 μερίσει
935 2774 1020 2827 {ababa
1039 2775 1099 2845 πρδς
1118 2775 1148 2827 τὰ
1165 2772 1276 2842 αἰσθητά.
1295 2776 1323 2828 οὐ
1342 2776 1389 2847 γὰρ
1408 2774 1457 2848 ἔχει

338 2861 457 2932 μερισμὸν
475 2860 553 2913 ἐκεῖνο
571 2862 599 2912 τ“ο
618 2866 675 2931 πῦρ,
693 2859 749 2912 ἀλλ’
762 2858 843 2921 ἀιδίοις
862 2865 913 2921 τοῖς
931 2860 1014 2921 ἀιδίοις
1027 2858 1186 2930 ἔπιμίγνυται.
1213 2861 1264 2914 Ubi
1280 2879 1328 2917 scr.
1347 2862 1456 2932 μερίσειε.

337 2948 467 3000 Videlicet
484 2946 572 2998 δαίσειε
590 2947 716 3017 interpres
734 2962 750 2998 a
768 2946 843 3014 δαίω,
861 2947 961 3011 divido,
980 2947 1066 3011 duxit,
1085 2946 1155 3011 δαίην
1172 2947 1365 3000 substantivum
1382 2949 1458 3001 intel·

337 3033 418 3097 laxit,
441 3032 565 3085 nimirum
587 3037 617 3084 ut
639 3032 768 3084 sententia
791 3032 824 3083 ad
841 3033 906 3085 illud
923 3034 1058 3085 oraculum
1075 3032 1221 3099 accederet,
1244 3034 1313 3103 quod
1330 3034 1457 3104 Didymus

338 3118 369 3170 de
388 3118 471 3170 trinit.
491 3116 596 3181 2‚17,1
615 3117 727 3186 profem
750 3121 845 3186 πνεῦμα
868 3116 911 3186 μὲν
934 3115 1063 3169 ἀθανάτοιο
1086 3118 1141 3169 θεοῦ
1160 3118 1252 3188 πατρδς
1270 3118 1459 3189 ἔιπροπόρευμιι

339 3200 437 3268 αὐτόθι,
459 3197 523 3252 ἔνθεν
545 3197 602 3270 ἔβη,
625 3201 689 3269 μένει
711 3198 829 3271 ἔμπεδον,
854 3201 907 3253 οὔτι
930 3204 1052 3272 μεριστόν.
1090 3203 1208 3255 Piccolos
1233 3198 1321 3255 δαίσειε
1340 3205 1457 3267 coniecit,

338 3286 481 3351 Steuchus,
502 3294 533 3339 ut
548 3286 662 3350 videtur,
685 3287 780 3355 δείσειε,
799 3288 925 3355 quoniam
941 3288 1030 3338 vertit:
1049 3287 1155 3339 timidus
1173 3304 1224 3341 cor.
1249 3288 1304 3340 Hoc
1321 3289 1414 3356 recepi,
1433 3294 1458 3339 et

338 3388 415 3426 versu
433 3387 487 3440 seq.
501 3387 536 3423 ex
552 3370 649 3423 Piccoli
666 3372 732 3424 coni.
751 3371 823 3423 δαίειν
841 3372 942 3439 scripsi,
960 3387 1120 3439 quamquam
1138 3371 1277 3424 uerborum
1295 3388 1405 3425 acumen
1422 3373 1459 3425 ita

337 3457 475 3528 paululum
491 3455 614 3509 hebescit
640 3456 801 3508 Describitur
817 3456 887 3524 ignis
905 3456 1013 3508 aetherii
1030 3461 1131 3508 natura
1158 3456 1217 3509 Non
1228 3462 1329 3509 metuat
1345 3463 1456 3526 pectore,

339 3543 384 3611 qui
399 3543 476 3595 illum
492 3541 583 3609 iguem
600 3542 729 3610 attigerit,
746 3559 800 3594 uon
818 3541 888 3593 euim
905 3540 984 3593 habet
1000 3540 1082 3609 ignis,
1101 3558 1152 3609 quo
1171 3542 1313 3594 comburat.

406 3627 418 3661 ⁶
436 3624 586 3695 ρελεδησρῷ
603 3625 633 3678 Β.
656 3626 800 3679 Verborum
817 3628 845 3679 iu
864 3626 923 3676 αίνω
936 3626 1083 3678 terminatio
1095 3627 1228 3695 primitiva
1239 3632 1279 3678 est
1291 3623 1336 3679 ἀω.
1366 3626 1457 3696 Itaque

338 3728 354 3763 a
372 3710 521 3781 pellebatur),
539 3711 612 3763 cuius
631 3710 706 3762 radix
724 3710 814 3780 μελεδα
831 3712 978 3779 procreavit
995 3710 1134 3780 μελέδημα,
1157 3712 1299 3764 formatum
1317 3718 1357 3764 est
1374 3712 1456 3766 subst.

338 3795 505 3866 μιλεδησριός,
523 3800 554 3847 ut
570 3796 603 3848 ab
616 3793 752 3865 ἐμπίπρηρι
764 3795 818 3847 sive
830 3797 917 3864 potius
930 3797 985 3848 eius
1003 3796 1076 3850 verbi
1092 3797 1178 3849 radice
1196 3814 1246 3866 πρα
1263 3797 1345 3850 subst.
1364 3795 1458 3866 ἐμπρη·

338 3882 415 3949 σρός,
434 3876 587 3949 ιι”μυκάοραι
599 3880 734 3949 μυκηθμός.
757 3879 871 3931 Praetuli
883 3879 995 3933 formam
1012 3881 1135 3945 ionicam,
1154 3887 1183 3934 ut
1201 3876 1328 3951 ὄρχηθρός
1345 3882 1456 3952 lon.pro

339 3961 468 4035 ὄρχησμός
486 3963 586 4016 dieitur.
622 3965 752 4018 Continuo
769 3965 954 4017 exercitatione
973 3971 999 4017 et
1016 3982 1090 4029 cura,
1108 3967 1206 4035 inquit,
1224 3983 1318 4019 aevum
1330 3968 1458 4037 excipitur

338 4066 401 4102 aero
419 4050 546 4117 incipiens
564 4065 580 4101 a
598 4049 660 4113 deo,
687 4050 732 4118 qui
750 4055 809 4102 aute
826 4051 871 4102 illa
883 4051 988 4102 saecula
1004 4052 1076 4103 solus
1093 4052 1255 4120 aliquamdiu
1272 4053 1386 4106 extabat.
1410 4052 1458 4106 uui

338 4139 425 4187 sectae
442 4133 492 4185 hoc
509 4134 646 4202 placuerit,
663 4134 691 4186 in
708 4132 785 4186 huius
804 4136 902 4187 oraculi
917 4135 1079 4204 praefatione
1097 4138 1216 4205 exposui.

405 4218 417 4253 7
435 4217 539 4270 Similia
558 4217 622 4271 Lob.
643 4219 702 4287 Agl.
725 4235 751 4287 p.
763 4219 813 4272 439
836 4226 862 4271 et
882 4237 908 4287 p.
921 4219 970 4271 722
988 4220 1071 4273 affert.
1098 4221 1261 4274 Vocabulum
1282 4220 1456 4288 ἀστυρέλιιτος

337 4302 513 4373 Spanhemius
529 4303 644 4355 illustrat
660 4303 693 4355 ad
711 4303 812 4357 Gallim.
828 4303 854 4357 h.
873 4304 901 4355 in
918 4304 975 4358 Del.
987 4321 1013 4359 v.
1027 4305 1068 4358 26.
1091 4306 1130 4358 lta
1141 4305 1292 4357 Lactautius
1304 4306 1365 4356 inst.
1378 4305 1402 4369 6,
1415 4304 1456 4369 25,

340 4388 385 4441 14:
404 4392 451 4453 ,ut
461 4386 531 4439 idem
543 4388 636 4456 (Deus)
653 4389 689 4440 sit
699 4403 802 4456 semper
815 4388 916 4440 stabilis
928 4393 955 4441 et
965 4389 1137 4442 immutabilis
1150 4395 1175 4441 et
1191 4390 1386 4442 inconcussus.“
1415 4390 1457 4443 Ex

336 4470 386 4525 hoe
410 4476 437 4524 et
459 4472 552 4524 ultimo
574 4488 651 4525 versu
670 4473 803 4525 oraculum
821 4472 928 4541 aliquod
946 4474 1059 4527 coufecit
1076 4472 1123 4527 Ge.
1143 4473 1273 4526 Cedreuus
1291 4473 1352 4528 hist.
1371 4490 1455 4544 comp.

337 4572 363 4626 p.
375 4555 410 4609 74
421 4554 517 4612 Bekre
535 4548 607 4618 οὗτος
620 4556 687 4626 θεός,
705 4554 820 4627 ἀπάτωρ,
839 4554 1000 4628 αὐτοπάτωρ,
1018 4556 1098 4627 πατὴρ
1116 4555 1167 4619 uim
1179 4556 1252 4620 αὐτὸς
1269 4556 1371 4629 ἑαυτοῦ,
1390 4576 1455 4629 τρισ·
