3592 5400
793 581 805 592 ·
833 525 925 568 usas
944 525 977 568 ιι.
1400 509 1460 574 165

342 678 540 748 enarratione,
556 677 685 736 eiusdem
701 696 762 755 rap.
777 675 803 752 ξ.
820 680 855 737 12
871 698 901 756 p.
918 681 975 738 196
988 680 1021 738 d:
1041 682 1093 741 πῶς
1111 681 1139 732 ἂν
1156 677 1201 733 ela
1220 681 1282 751 teet,
1302 685 1460 753 μαγγανείαις

341 785 392 840 ταῖς
411 779 452 832 διὰ
468 781 547 832 τῶνδε
564 778 700 850 σχημάτων
718 781 758 834 καὶ
776 785 898 850 γραμμῶν
922 783 962 832 καὶ
979 783 1063 834 τύπων
1086 779 1211 851 στεφάνοις
1235 801 1260 836 τι
1283 786 1392 847 καὶτοῖς
1411 784 1459 840 αἰπύ

341 879 384 943 γῆς
403 872 485 925 ἄνθεσι
502 873 543 925 καί
560 892 619 926 τισιν
639 872 723 934 ἄλλοις
741 872 843 943 ἀσήμοις
861 876 902 927 καὶ
921 874 1050 945 βαρβάροις
1069 877 1139 946 ἤχοις
1158 877 1241 928 τεκαὶ
1260 882 1352 945 φωναῖς
1370 879 1460 946 κηλού·

341 987 408 1037 μενοι
427 1009 432 1019 .
448 1008 454 1019 .
473 968 513 1019 καλ
531 965 634 1037 ὡσπερεὶ
653 969 752 1038 δεσμοῖς
771 969 1004 1038 καταδουλούμενοι.

403 1070 460 1128 His
475 1069 669 1146 Porphyrium
683 1071 826 1129 adiecisse
841 1071 976 1142 arbitror,
993 1089 1065 1147 quas
1080 1073 1269 1132 lustrationes
1285 1074 1327 1146 ei,
1344 1075 1394 1151 qui
1407 1095 1459 1134 nu·

340 1200 407 1238 men
423 1180 556 1258 excipere
571 1181 673 1251 vellet,
689 1181 730 1238 dii
746 1183 976 1258 praecepissent.

493 1293 542 1349 Pr.
560 1311 602 1350 ev.
621 1293 648 1350 6.
666 1294 694 1350 4.
715 1294 727 1349 1
747 1311 774 1366 p.
792 1294 847 1350 141
867 1290 969 1368 Steph.
985 1314 1014 1370 p.
1029 1295 1119 1353 240d
1135 1295 1201 1372 vig.

403 1392 570 1470 Δεηθέντος
584 1394 642 1484 γάρ
656 1419 735 1470 τινος
750 1386 975 1471 καταδέξασθαι
992 1395 1068 1476 θεόν,
1084 1400 1173 1462 εἰπὼν
1188 1403 1204 1462 d
1219 1397 1298 1478 θεός,
1314 1400 1377 1463 ὅτι1
1393 1404 1459 1465 ἀνε-

338 1496 492 1581 rra-elate
506 1510 569 1570 ἐστι
585 1496 635 1568 διαὶ
645 1506 682 1569 τὰ
696 1505 770 1569 ύπύθ
782 1505 895 1592 φύσεως
906 1497 1142 1588 καταδεδέσθαι,
1157 1512 1208 1572 καὶ
1221 1500 1271 1579 διαὶ
1281 1519 1372 1574 τοῦτο
1385 1514 1459 1576 ἀπο-

338 1614 556 1706 τροπιασμοὺς3
573 1615 792 1706 ὑπαγορεύσας,
808 1617 927 1707 ἐπάγει·

469 1723 555 1797 ῬιτσθΙ
572 1716 734 1816 δαιμονίης
749 1729 806 1817 γὰρ
822 1725 944 1791 &hoho
959 1719 1152 1819 ἐπιδέδρομεν
1167 1734 1273 1806 ἀλκῆς
1485 1750 1510 1790 1³.
1523 1748 1567 1790 ιιι.

371 1845 445 1903 232.
469 1847 548 1900 σαῖσι
563 1848 678 1926 γοναῖς,
694 1842 728 1913 ἃς
742 1838 797 1927 γρνξ
813 1861 847 1901 σε
862 1850 968 1928 φυγεῖν
982 1841 1091 1902 τοίαισι
1107 1841 1250 1929 μαγείαις.

338 1940 374 2013 δι’
386 1943 427 2011 ὧν
443 1949 494 2011 καὶ
508 1958 609 2036 σαφῶς
625 1936 810 2027 δεδήλωται,
834 1950 911 2020 erre
928 1951 1039 2039 μαγεία
1051 1954 1081 2014 ἐν
1092 1960 1136 2031 τῷ
1148 1948 1229 2013 λύειν
1240 1951 1281 2015 ταὶ
1291 1962 1346 2028 ταῖς
1359 1958 1459 2043 εἱμαρ-

339 2060 428 2150 μένης
442 2059 525 2148 παραὶ
540 2056 615 2122 θεῶν
630 2049 721 2129 ἐδόθη
737 2065 776 2133 εἰς
790 2060 827 2123 τύ
844 2063 981 2122 ὁπωσοῦν
994 2060 1110 2131 ταύτην
1126 2061 1332 2149 παρατρέπειν.

408 2167 493 2220 Ταῦτά
510 2186 549 2220 σοι
567 2165 581 2220 ὁ
599 2168 751 2237 Πορφύριος,
770 2167 815 2218 οὐκ
833 2165 891 2237 ἐγώ.
928 2167 1039 2220 ὁτοίνυν
1063 2169 1172 2239 μαγείαις
1197 2173 1321 2240 παραινῶν
1342 2170 1406 2223 λύειν
1428 2171 1459 2226 τὰ
1490 2179 1494 2188 ’

338 2267 379 2334 fis
398 2261 543 2332 eirenen:
557 2304 563 2315 -
578 2304 584 2317 -

401 2364 485 2422 Haec
499 2363 611 2425 Marsil.
624 2363 716 2423 Ficin.
732 2384 791 2441 arg.
808 2364 838 2421 in
850 2365 959 2423 Plotin.
972 2366 1050 2424 Enn.
1065 2367 1081 2424 2
1095 2367 1160 2425 libr.
1175 2369 1191 2425 3
1205 2387 1234 2443 p.
1248 2368 1308 2425 227
1322 2367 1459 2427 Creuzeri

338 2481 468 2534 enarrat:
497 2475 610 2549 „Posse
630 2495 697 2532 vero
720 2475 840 2532 fatalem
863 2495 951 2550 saepe
977 2485 1085 2532 sortem
1112 2477 1233 2535 caelitus
1261 2479 1458 2536 imminentem

336 2586 433 2664 frangi
451 2627 478 2642 ..
496 2578 669 2661 (confitetur)
685 2585 864 2661 Porphyrius
880 2605 934 2660 per
948 2586 1087 2663 magicam
1104 2586 1292 2662 sapientiam,
1311 2588 1458 2664 Apollinis

338 2697 456 2756 oraculo
472 2704 556 2755 teste.
579 2697 630 2754 Ait
644 2695 721 2753 enim
736 2696 766 2753 in
782 2695 855 2754 libro
871 2696 908 2754 de
923 2696 1063 2755 oraculis:
1085 2695 1159 2756 Cum
1174 2707 1325 2772 quaereret
1339 2699 1457 2775 aliquis,

338 2829 390 2868 cur
404 2810 522 2885 ineptus
537 2809 572 2865 ad
589 2827 650 2865 rem
666 2808 833 2883 quampiam
852 2808 958 2866 fuisset
977 2809 1014 2866 ab
1029 2808 1167 2883 Apolline
1186 2809 1331 2868 iudicatus
1354 2811 1459 2885 quidve

338 2920 503 2978 faciendum
523 2918 598 2977 soret
617 2926 649 2976 ut
673 2919 756 2993 quasi
777 2925 862 2996 aptus
885 2919 1096 2995 susciperetur,
1123 2921 1274 2997 respondit
1295 2922 1457 2980 oraculum:

338 3052 405 3089 eum
426 3031 550 3087 fatorum
572 3030 600 3086 vi
623 3030 771 3106 impediri,
800 3050 885 3106 quam
909 3030 1029 3108 magicis
1051 3031 1163 3090 artibus
1187 3032 1312 3110 effugere
1334 3040 1457 3109 poterat.

337 3142 425 3202 Unde
445 3148 545 3217 aperte
564 3148 659 3217 patet,
685 3142 827 3218 magicam
845 3142 1011 3199 hominibus
1030 3149 1122 3199 artem
1143 3143 1282 3201 divinitus
1305 3162 1370 3203 esse
1392 3163 1458 3203 con·

339 3272 468 3322 cessam,
485 3258 516 3308 ut
530 3252 628 3326 aliquo
643 3252 728 3308 modo
742 3252 833 3309 fatum
848 3252 1033 3328 repellerent.
1056 3252 1140 3309 Haec
1153 3250 1364 3328 Porphyrius.“

401 3364 485 3421 Haec
510 3363 671 3420 enarrantis
697 3363 790 3439 magis
817 3381 904 3437 quam
929 3362 1079 3419 vertentis.
1129 3361 1233 3436 Neque
1265 3362 1341 3419 enim
1373 3363 1457 3420 credo

338 3474 459 3532 aliunde
472 3475 528 3531 hoc
541 3474 676 3530 haustum
693 3492 758 3530 esse
773 3492 861 3547 quam
876 3492 912 3528 cx
926 3471 1064 3529 Eusebio.
1092 3471 1170 3544 Quia
1186 3470 1201 3527 ὁ
1218 3464 1284 3540 θεός
1298 3472 1457 3542 dicebatur,

338 3586 461 3645 Ficinus
481 3584 649 3661 Apollinem
668 3584 827 3641 intellexit.
851 3582 932 3641 Fert.
959 3589 1056 3638 tamen
1075 3564 1349 3650 καταδέξασθαίιτι
1371 3582 1456 3659 legit:

339 3706 516 3772 quamquam
531 3695 566 3752 de
582 3695 635 3751 deo
651 3694 820 3771 excipiendo
836 3712 998 3751 sermonem
1010 3710 1076 3750 esse
1087 3698 1177 3767 patet.
1206 3691 1295 3750 Codd.
1311 3674 1457 3774 δαιμονίη,

338 3804 418 3879 ἅλις,
439 3799 526 3870 ἀλκή.
555 3804 642 3864 Solus
658 3806 684 3862 E
700 3802 782 3888 ρἰττῆ,
803 3803 878 3861 unde
893 3803 1016 3880 Vigerus
1031 3800 1099 3885 ῥιπῇ
1114 3809 1143 3859 et
1157 3800 1193 3865 ἢν
1207 3821 1260 3879 pro
1275 3799 1310 3870 ἃς
1324 3801 1456 3860 coniecit.

340 3916 399 3977 Sed
415 3916 484 3991 quia
498 3917 679 3992 Porphyrius
695 3923 825 3972 enarrat:
843 3898 892 3970 διαὶ
907 3908 943 3970 τύ
957 3907 1013 3969 ὑπὸ
1027 3905 1141 3995 φύσεως
1152 3896 1388 3985 καταδεδέσθαι,
1404 3932 1457 3990 ego

339 4026 457 4085 ἁλοῦσα
477 4026 601 4083 conieci:
631 4026 743 4101 pondos
762 4025 946 4099 impetusque
965 4023 1009 4081 vis
1030 4023 1145 4081 divinae
1166 4024 1291 4082 accessit
1310 4024 1408 4081 vincta
1429 4031 1458 4081 et

338 4137 480 4214 impedita
496 4141 561 4205 σαῖς
575 4139 690 4219 γοναῖς,
712 4135 731 4193 i.
745 4154 770 4192 e.
792 4143 896 4191 natura
911 4142 962 4192 tua
975 4135 1103 4211 impura,
1126 4152 1278 4211 corporea,
1298 4153 1373 4210 quae
1393 4134 1456 4203 tibi,

338 4249 387 4323 qui
411 4249 496 4304 homo
520 4248 557 4304 ab
580 4246 746 4303 hominibus
769 4246 885 4322 genitus
901 4245 958 4316 sis,
981 4246 1122 4303 inhaeret.
1146 4246 1231 4303 Hanc
1246 4251 1378 4301 naturam
1393 4250 1457 4300 arte

338 4358 453 4436 magica
467 4376 571 4415 exuere
586 4357 684 4415 debes.

408 4466 475 4519 Ῑύτι
494 4467 506 4518 ὁ
526 4467 579 4529 θεὸς
598 4468 650 4521 OG.
806 4466 883 4519 ’ere
902 4468 956 4522 OG.

408 4554 419 4588 ³
438 4554 482 4607 Sic
498 4553 614 4624 praefixo
634 4572 673 4623 γρ.
692 4553 704 4607 Ι
721 4559 746 4607 et
764 4554 823 4624 Vig.
835 4568 919 4623 marg.
939 4553 1005 4607 ltell.
1025 4548 1248 4622 ὑποτροπιασμούς.
