<?xml version="1.0" encoding="UTF-8"?>
<!DOCTYPE html PUBLIC "-//W3C//DTD XHTML 1.0 Transitional//EN"
    "http://www.w3.org/TR/xhtml1/DTD/xhtml1-transitional.dtd">
<html xmlns="http://www.w3.org/1999/xhtml" xml:lang="en" lang="en">
 <head>
  <title>
</title>
<meta http-equiv="Content-Type" content="text/html;charset=utf-8" />
  <meta name='ocr-system' content='tesseract 3.04.00' />
  <meta name='ocr-capabilities' content='ocr_page ocr_carea ocr_par ocr_line ocrx_word'/>
</head>
<body>
  <div class='ocr_page' id='page_1' title='image "./pamphletsonaris00porpgoog_0111.png"; bbox 0 0 3592 5400; ppageno 0'>
   <div class='ocr_carea' id='block_1_1' title="bbox 681 912 1114 1148">
    <p class='ocr_par' dir='ltr' id='par_1_1' title="bbox 681 912 1114 1148">
     <span class='ocr_line' id='line_1_1' title="bbox 789 912 1003 989; baseline -0.005 0"><span class='ocrx_word' id='word_1_1' title='bbox 789 914 948 989; x_wconf 70' lang='lat' dir='ltr'>CAPUT</span> <span class='ocrx_word' id='word_1_2' title='bbox 974 912 1003 988; x_wconf 79' lang='lat' dir='ltr'>I.</span> 
     </span>
     <span class='ocr_line' id='line_1_2' title="bbox 681 1041 1114 1148; baseline 0 0"><span class='ocrx_word' id='word_1_3' title='bbox 681 1088 793 1148; x_wconf 76' lang='grc'><strong>1111</strong></span> <span class='ocrx_word' id='word_1_4' title='bbox 813 1041 1114 1148; x_wconf 65' lang='grc'>1)(1111311111111.1</span> 
     </span>
    </p>
   </div>
   <div class='ocr_carea' id='block_1_2' title="bbox 851 1273 952 1282">
    <p class='ocr_par' dir='ltr' id='par_1_2' title="bbox 851 1273 952 1282">
     <span class='ocr_line' id='line_1_3' title="bbox 851 1273 952 1282; baseline 0.01 -1"><span class='ocrx_word' id='word_1_5' title='bbox 851 1273 952 1282; x_wconf 70' lang='grc' dir='ltr'>..ιι-</span> 
     </span>
    </p>
   </div>
   <div class='ocr_carea' id='block_1_3' title="bbox 337 1418 1461 1535">
    <p class='ocr_par' dir='ltr' id='par_1_3' title="bbox 337 1418 1461 1535">
     <span class='ocr_line' id='line_1_4' title="bbox 337 1418 1461 1535; baseline 0.004 -25"><span class='ocrx_word' id='word_1_6' title='bbox 337 1418 501 1535; x_wconf 79' lang='lat' dir='ltr'>Malchus,</span> <span class='ocrx_word' id='word_1_7' title='bbox 528 1454 638 1513; x_wconf 84' lang='lat' dir='ltr'>Malchi</span> <span class='ocrx_word' id='word_1_8' title='bbox 651 1446 701 1525; x_wconf 80' lang='lat' dir='ltr'><strong>f.²‚</strong></span> <span class='ocrx_word' id='word_1_9' title='bbox 723 1450 858 1530; x_wconf 74' lang='lat' dir='ltr'>Tyrius3,</span> <span class='ocrx_word' id='word_1_10' title='bbox 885 1426 951 1532; x_wconf 90' lang='lat' dir='ltr'>qui,</span> <span class='ocrx_word' id='word_1_11' title='bbox 977 1463 1134 1532; x_wconf 79' lang='lat' dir='ltr'><strong>postquam</strong></span> <span class='ocrx_word' id='word_1_12' title='bbox 1152 1455 1321 1535; x_wconf 80' lang='lat' dir='ltr'>Longinus,</span> <span class='ocrx_word' id='word_1_13' title='bbox 1345 1458 1461 1516; x_wconf 81' lang='lat' dir='ltr'>celeber</span> 
     </span>
    </p>
   </div>
   <div class='ocr_carea' id='block_1_4' title="bbox 337 1640 1486 2392">
    <p class='ocr_par' dir='ltr' id='par_1_4' title="bbox 337 1640 1486 2392">
     <span class='ocr_line' id='line_1_5' title="bbox 407 1640 1460 1714; baseline 0.004 -22"><span class='ocrx_word' id='word_1_14' title='bbox 407 1643 416 1674; x_wconf 84' lang='lat'>¹</span> <span class='ocrx_word' id='word_1_15' title='bbox 436 1641 475 1693; x_wconf 90' lang='lat' dir='ltr'>De</span> <span class='ocrx_word' id='word_1_16' title='bbox 486 1640 622 1710; x_wconf 90' lang='lat' dir='ltr'>Porphyrii</span> <span class='ocrx_word' id='word_1_17' title='bbox 633 1643 688 1694; x_wconf 83' lang='lat' dir='ltr'>vita</span> <span class='ocrx_word' id='word_1_18' title='bbox 705 1647 731 1694; x_wconf 94' lang='lat' dir='ltr'>et</span> <span class='ocrx_word' id='word_1_19' title='bbox 748 1643 851 1712; x_wconf 86' lang='lat' dir='ltr'>scriptis</span> <span class='ocrx_word' id='word_1_20' title='bbox 866 1643 929 1696; x_wconf 88' lang='lat' dir='ltr'>Luc.</span> <span class='ocrx_word' id='word_1_21' title='bbox 941 1643 1092 1696; x_wconf 84' lang='lat' dir='ltr'>Holstenius</span> <span class='ocrx_word' id='word_1_22' title='bbox 1111 1644 1144 1695; x_wconf 90' lang='lat' dir='ltr'>ad</span> <span class='ocrx_word' id='word_1_23' title='bbox 1162 1645 1218 1697; x_wconf 88' lang='lat' dir='ltr'>eius</span> <span class='ocrx_word' id='word_1_24' title='bbox 1235 1645 1315 1698; x_wconf 89' lang='lat' dir='ltr'>libros</span> <span class='ocrx_word' id='word_1_25' title='bbox 1333 1644 1387 1714; x_wconf 75' lang='grc' dir='ltr'>περὶ</span> <span class='ocrx_word' id='word_1_26' title='bbox 1398 1640 1460 1696; x_wconf 84' lang='grc' dir='ltr'>ἀπο-</span> 
     </span>
     <span class='ocr_line' id='line_1_6' title="bbox 337 1724 1461 1800; baseline 0.007 -25"><span class='ocrx_word' id='word_1_27' title='bbox 337 1729 384 1795; x_wconf 80' lang='grc' dir='ltr'>χῆς</span> <span class='ocrx_word' id='word_1_28' title='bbox 403 1724 523 1795; x_wconf 77' lang='grc' dir='ltr'>ἐμψύχων</span> <span class='ocrx_word' id='word_1_29' title='bbox 541 1732 675 1795; x_wconf 88' lang='lat' dir='ltr'>quattuor,</span> <span class='ocrx_word' id='word_1_30' title='bbox 694 1726 813 1797; x_wconf 82' lang='grc' dir='ltr'>ἀφορμῶν</span> <span class='ocrx_word' id='word_1_31' title='bbox 829 1728 891 1797; x_wconf 76' lang='grc' dir='ltr'><strong>πρὸς</strong></span> <span class='ocrx_word' id='word_1_32' title='bbox 908 1727 937 1778; x_wconf 81' lang='grc' dir='ltr'>τὰ</span> <span class='ocrx_word' id='word_1_33' title='bbox 948 1727 1024 1794; x_wconf 78' lang='grc' dir='ltr'>νοητά</span> <span class='ocrx_word' id='word_1_34' title='bbox 1042 1729 1119 1793; x_wconf 87' lang='lat' dir='ltr'>duos,</span> <span class='ocrx_word' id='word_1_35' title='bbox 1138 1729 1169 1781; x_wconf 91' lang='lat' dir='ltr'>do</span> <span class='ocrx_word' id='word_1_36' title='bbox 1187 1734 1264 1782; x_wconf 89' lang='lat' dir='ltr'>antro</span> <span class='ocrx_word' id='word_1_37' title='bbox 1279 1729 1461 1800; x_wconf 79' lang='lat' dir='ltr'><strong>Nympharum</strong></span> 
     </span>
     <span class='ocr_line' id='line_1_7' title="bbox 338 1811 1486 1884; baseline 0.005 -22"><span class='ocrx_word' id='word_1_38' title='bbox 338 1817 364 1862; x_wconf 91' lang='lat' dir='ltr'>et</span> <span class='ocrx_word' id='word_1_39' title='bbox 381 1811 413 1862; x_wconf 88' lang='lat' dir='ltr'>de</span> <span class='ocrx_word' id='word_1_40' title='bbox 431 1811 513 1879; x_wconf 84' lang='lat' dir='ltr'>Styge</span> <span class='ocrx_word' id='word_1_41' title='bbox 531 1813 649 1879; x_wconf 86' lang='lat' dir='ltr'>singulos</span> <span class='ocrx_word' id='word_1_42' title='bbox 661 1812 736 1865; x_wconf 87' lang='lat' dir='ltr'>Rom.</span> <span class='ocrx_word' id='word_1_43' title='bbox 752 1812 825 1864; x_wconf 84' lang='grc'><strong>1636,</strong></span> <span class='ocrx_word' id='word_1_44' title='bbox 843 1812 965 1867; x_wconf 71' lang='lat' dir='ltr'>cantabr.</span> <span class='ocrx_word' id='word_1_45' title='bbox 980 1813 1045 1865; x_wconf 93' lang='grc'><strong>1655</strong></span> <span class='ocrx_word' id='word_1_46' title='bbox 1057 1813 1097 1866; x_wconf 90' lang='lat' dir='ltr'>ch.</span> <span class='ocrx_word' id='word_1_47' title='bbox 1111 1815 1211 1866; x_wconf 88' lang='lat' dir='ltr'>octonis</span> <span class='ocrx_word' id='word_1_48' title='bbox 1229 1814 1311 1868; x_wconf 88' lang='lat' dir='ltr'>editos</span> <span class='ocrx_word' id='word_1_49' title='bbox 1327 1815 1460 1884; x_wconf 84' lang='lat' dir='ltr'>praefatus</span> <span class='ocrx_word' id='word_1_50' title='bbox 1482 1824 1486 1829; x_wconf 84' lang='lat'><em>&#39;</em></span> 
     </span>
     <span class='ocr_line' id='line_1_8' title="bbox 338 1896 1460 1968; baseline 0.004 -20"><span class='ocrx_word' id='word_1_51' title='bbox 338 1900 385 1948; x_wconf 91' lang='lat' dir='ltr'>est.</span> <span class='ocrx_word' id='word_1_52' title='bbox 412 1896 527 1964; x_wconf 85' lang='lat' dir='ltr'>Repetiit</span> <span class='ocrx_word' id='word_1_53' title='bbox 542 1897 624 1947; x_wconf 82' lang='lat' dir='ltr'>vitam</span> <span class='ocrx_word' id='word_1_54' title='bbox 640 1896 740 1948; x_wconf 81' lang='lat' dir='ltr'>Fabrio.</span> <span class='ocrx_word' id='word_1_55' title='bbox 754 1897 816 1951; x_wconf 88' lang='lat' dir='ltr'>bibl.</span> <span class='ocrx_word' id='word_1_56' title='bbox 832 1897 875 1950; x_wconf 84' lang='lat' dir='ltr'>Gr.</span> <span class='ocrx_word' id='word_1_57' title='bbox 887 1898 932 1949; x_wconf 92' lang='lat' dir='ltr'>lib.</span> <span class='ocrx_word' id='word_1_58' title='bbox 943 1898 968 1952; x_wconf 88' lang='lat'>4.</span> <span class='ocrx_word' id='word_1_59' title='bbox 981 1904 1046 1966; x_wconf 91' lang='lat' dir='ltr'>part.</span> <span class='ocrx_word' id='word_1_60' title='bbox 1056 1899 1080 1950; x_wconf 79' lang='lat'>2.</span> <span class='ocrx_word' id='word_1_61' title='bbox 1093 1915 1149 1968; x_wconf 91' lang='lat' dir='ltr'>cap.</span> <span class='ocrx_word' id='word_1_62' title='bbox 1160 1898 1205 1961; x_wconf 78' lang='lat'>27,</span> <span class='ocrx_word' id='word_1_63' title='bbox 1222 1900 1320 1951; x_wconf 90' lang='lat' dir='ltr'>notulis</span> <span class='ocrx_word' id='word_1_64' title='bbox 1338 1905 1364 1951; x_wconf 92' lang='lat' dir='ltr'>et</span> <span class='ocrx_word' id='word_1_65' title='bbox 1380 1899 1460 1952; x_wconf 93' lang='lat' dir='ltr'>libro·</span> 
     </span>
     <span class='ocr_line' id='line_1_9' title="bbox 337 1979 1460 2053; baseline 0.003 -21"><span class='ocrx_word' id='word_1_66' title='bbox 337 1997 396 2032; x_wconf 89' lang='lat' dir='ltr'>rum</span> <span class='ocrx_word' id='word_1_67' title='bbox 413 1979 552 2049; x_wconf 89' lang='lat' dir='ltr'>Porphyrii</span> <span class='ocrx_word' id='word_1_68' title='bbox 569 1981 686 2034; x_wconf 88' lang='lat' dir='ltr'>omnium</span> <span class='ocrx_word' id='word_1_69' title='bbox 703 1998 812 2033; x_wconf 89' lang='lat' dir='ltr'>recensu</span> <span class='ocrx_word' id='word_1_70' title='bbox 830 1982 946 2034; x_wconf 90' lang='lat' dir='ltr'>adiectis.</span> <span class='ocrx_word' id='word_1_71' title='bbox 980 1983 1080 2035; x_wconf 84' lang='lat' dir='ltr'>Horum</span> <span class='ocrx_word' id='word_1_72' title='bbox 1103 1984 1137 2034; x_wconf 89' lang='lat' dir='ltr'>ab</span> <span class='ocrx_word' id='word_1_73' title='bbox 1159 1988 1269 2052; x_wconf 90' lang='lat' dir='ltr'>utroque</span> <span class='ocrx_word' id='word_1_74' title='bbox 1287 2000 1369 2053; x_wconf 89' lang='lat' dir='ltr'>quum</span> <span class='ocrx_word' id='word_1_75' title='bbox 1390 1983 1460 2036; x_wconf 89' lang='lat' dir='ltr'>haud</span> 
     </span>
     <span class='ocr_line' id='line_1_10' title="bbox 338 2065 1460 2136; baseline 0.004 -20"><span class='ocrx_word' id='word_1_76' title='bbox 338 2066 429 2134; x_wconf 80' lang='lat' dir='ltr'>paucis</span> <span class='ocrx_word' id='word_1_77' title='bbox 446 2066 474 2116; x_wconf 91' lang='lat' dir='ltr'>in</span> <span class='ocrx_word' id='word_1_78' title='bbox 491 2066 569 2117; x_wconf 89' lang='lat' dir='ltr'>rebus</span> <span class='ocrx_word' id='word_1_79' title='bbox 587 2065 651 2117; x_wconf 95' lang='lat' dir='ltr'>mihi</span> <span class='ocrx_word' id='word_1_80' title='bbox 668 2066 841 2119; x_wconf 88' lang='lat' dir='ltr'>recedendum</span> <span class='ocrx_word' id='word_1_81' title='bbox 858 2073 940 2132; x_wconf 88' lang='lat' dir='ltr'>esset,</span> <span class='ocrx_word' id='word_1_82' title='bbox 958 2068 1035 2136; x_wconf 90' lang='lat' dir='ltr'>plane</span> <span class='ocrx_word' id='word_1_83' title='bbox 1047 2069 1113 2120; x_wconf 91' lang='lat' dir='ltr'>nulli</span> <span class='ocrx_word' id='word_1_84' title='bbox 1124 2068 1184 2120; x_wconf 88' lang='lat' dir='ltr'>usui</span> <span class='ocrx_word' id='word_1_85' title='bbox 1194 2067 1260 2120; x_wconf 90' lang='lat' dir='ltr'>mihi</span> <span class='ocrx_word' id='word_1_86' title='bbox 1271 2069 1328 2122; x_wconf 89' lang='lat' dir='ltr'>Val.</span> <span class='ocrx_word' id='word_1_87' title='bbox 1341 2067 1460 2133; x_wconf 87' lang='lat' dir='ltr'>Parisoti,</span> 
     </span>
     <span class='ocr_line' id='line_1_11' title="bbox 337 2146 1460 2223; baseline 0.004 -21"><span class='ocrx_word' id='word_1_88' title='bbox 337 2146 494 2219; x_wconf 81' lang='lat' dir='ltr'>professoris</span> <span class='ocrx_word' id='word_1_89' title='bbox 512 2150 687 2215; x_wconf 85' lang='lat' dir='ltr'>Redonensis,</span> <span class='ocrx_word' id='word_1_90' title='bbox 710 2151 761 2203; x_wconf 78' lang='lat' dir='ltr'>fuit</span> <span class='ocrx_word' id='word_1_91' title='bbox 777 2153 854 2204; x_wconf 82' lang='lat' dir='ltr'>libor:</span> <span class='ocrx_word' id='word_1_92' title='bbox 879 2153 915 2217; x_wconf 81' lang='lat' dir='ltr'>,Il</span> <span class='ocrx_word' id='word_1_93' title='bbox 933 2154 1032 2205; x_wconf 86' lang='lat' dir='ltr'>maiore</span> <span class='ocrx_word' id='word_1_94' title='bbox 1051 2153 1181 2206; x_wconf 85' lang='lat' dir='ltr'>volumine</span> <span class='ocrx_word' id='word_1_95' title='bbox 1199 2159 1334 2223; x_wconf 85' lang='lat' dir='ltr'>excerpta,</span> <span class='ocrx_word' id='word_1_96' title='bbox 1357 2154 1400 2205; x_wconf 88' lang='lat' dir='ltr'>cui</span> <span class='ocrx_word' id='word_1_97' title='bbox 1420 2155 1460 2207; x_wconf 90' lang='lat' dir='ltr'>in·</span> 
     </span>
     <span class='ocr_line' id='line_1_12' title="bbox 338 2234 1460 2305; baseline 0.004 -19"><span class='ocrx_word' id='word_1_98' title='bbox 338 2235 444 2303; x_wconf 86' lang='lat' dir='ltr'>scriptio</span> <span class='ocrx_word' id='word_1_99' title='bbox 468 2241 509 2287; x_wconf 89' lang='lat' dir='ltr'>est</span> <span class='ocrx_word' id='word_1_100' title='bbox 529 2234 560 2286; x_wconf 94' lang='lat' dir='ltr'>de</span> <span class='ocrx_word' id='word_1_101' title='bbox 583 2235 726 2305; x_wconf 93' lang='lat' dir='ltr'>Porphyrio</span> <span class='ocrx_word' id='word_1_102' title='bbox 749 2237 800 2288; x_wconf 91' lang='lat' dir='ltr'>tria</span> <span class='ocrx_word' id='word_1_103' title='bbox 822 2243 975 2292; x_wconf 86' lang='lat' dir='ltr'>tmemata.“</span> <span class='ocrx_word' id='word_1_104' title='bbox 999 2238 1081 2290; x_wconf 77' lang='lat' dir='ltr'>Paris,</span> <span class='ocrx_word' id='word_1_105' title='bbox 1096 2238 1169 2292; x_wconf 91' lang='grc'><strong>1845.</strong></span> <span class='ocrx_word' id='word_1_106' title='bbox 1182 2239 1222 2293; x_wconf 87' lang='lat' dir='ltr'>ch.</span> <span class='ocrx_word' id='word_1_107' title='bbox 1236 2238 1261 2290; x_wconf 82' lang='lat'>8.</span> <span class='ocrx_word' id='word_1_108' title='bbox 1287 2239 1373 2290; x_wconf 88' lang='lat' dir='ltr'>Maius</span> <span class='ocrx_word' id='word_1_109' title='bbox 1395 2238 1460 2291; x_wconf 91' lang='lat' dir='ltr'>illud</span> 
     </span>
     <span class='ocr_line' id='line_1_13' title="bbox 338 2320 1460 2392; baseline 0.005 -21"><span class='ocrx_word' id='word_1_110' title='bbox 338 2321 461 2372; x_wconf 87' lang='lat' dir='ltr'>volumen</span> <span class='ocrx_word' id='word_1_111' title='bbox 479 2320 584 2372; x_wconf 88' lang='lat' dir='ltr'>Parisiis</span> <span class='ocrx_word' id='word_1_112' title='bbox 603 2321 780 2390; x_wconf 83' lang='lat' dir='ltr'>quaerendum</span> <span class='ocrx_word' id='word_1_113' title='bbox 797 2322 895 2374; x_wconf 86' lang='lat' dir='ltr'>frustra</span> <span class='ocrx_word' id='word_1_114' title='bbox 912 2323 1013 2387; x_wconf 87' lang='lat' dir='ltr'>curavi,</span> <span class='ocrx_word' id='word_1_115' title='bbox 1036 2339 1122 2392; x_wconf 88' lang='lat' dir='ltr'>neque</span> <span class='ocrx_word' id='word_1_116' title='bbox 1144 2324 1216 2392; x_wconf 91' lang='lat' dir='ltr'>prelo</span> <span class='ocrx_word' id='word_1_117' title='bbox 1239 2324 1385 2376; x_wconf 90' lang='lat' dir='ltr'>subiectum</span> <span class='ocrx_word' id='word_1_118' title='bbox 1402 2340 1460 2377; x_wconf 86' lang='lat' dir='ltr'>esse</span> 
     </span>
    </p>
   </div>
   <div class='ocr_carea' id='block_1_5' title="bbox 339 2406 1562 2476">
    <p class='ocr_par' dir='ltr' id='par_1_5' title="bbox 339 2406 1562 2476">
     <span class='ocr_line' id='line_1_14' title="bbox 339 2406 1562 2476; baseline 0.005 -20"><span class='ocrx_word' id='word_1_119' title='bbox 339 2421 457 2474; x_wconf 87' lang='lat' dir='ltr'>unquam</span> <span class='ocrx_word' id='word_1_120' title='bbox 474 2406 593 2459; x_wconf 78' lang='lat' dir='ltr'>arbitror.</span> <span class='ocrx_word' id='word_1_121' title='bbox 628 2406 760 2476; x_wconf 81' lang='lat' dir='ltr'>Excerpta</span> <span class='ocrx_word' id='word_1_122' title='bbox 777 2413 864 2459; x_wconf 88' lang='lat' dir='ltr'>autern</span> <span class='ocrx_word' id='word_1_123' title='bbox 883 2424 950 2476; x_wconf 87' lang='lat' dir='ltr'>quae</span> <span class='ocrx_word' id='word_1_124' title='bbox 968 2409 1042 2472; x_wconf 86' lang='lat' dir='ltr'>dicit,</span> <span class='ocrx_word' id='word_1_125' title='bbox 1060 2425 1181 2460; x_wconf 84' lang='lat' dir='ltr'>sermone</span> <span class='ocrx_word' id='word_1_126' title='bbox 1194 2407 1287 2460; x_wconf 88' lang='lat' dir='ltr'>Latino</span> <span class='ocrx_word' id='word_1_127' title='bbox 1304 2409 1416 2461; x_wconf 92' lang='lat' dir='ltr'>obscuro</span> <span class='ocrx_word' id='word_1_128' title='bbox 1434 2415 1461 2461; x_wconf 88' lang='lat' dir='ltr'>et</span> <span class='ocrx_word' id='word_1_129' title='bbox 1559 2426 1562 2429; x_wconf 88' lang='lat'>·</span> 
     </span>
    </p>
   </div>
   <div class='ocr_carea' id='block_1_6' title="bbox 338 2491 1464 4595">
    <p class='ocr_par' dir='ltr' id='par_1_6' title="bbox 338 2491 1461 2985">
     <span class='ocr_line' id='line_1_15' title="bbox 339 2491 1459 2562; baseline 0.003 -21"><span class='ocrx_word' id='word_1_130' title='bbox 339 2491 456 2558; x_wconf 87' lang='lat' dir='ltr'>quaesito</span> <span class='ocrx_word' id='word_1_131' title='bbox 466 2496 502 2542; x_wconf 61' lang='lat' dir='ltr'>*et</span> <span class='ocrx_word' id='word_1_132' title='bbox 519 2496 604 2543; x_wconf 88' lang='lat' dir='ltr'>aetate</span> <span class='ocrx_word' id='word_1_133' title='bbox 621 2491 728 2559; x_wconf 83' lang='lat' dir='ltr'>linguae</span> <span class='ocrx_word' id='word_1_134' title='bbox 745 2491 829 2543; x_wconf 78' lang='lat' dir='ltr'>ferrea</span> <span class='ocrx_word' id='word_1_135' title='bbox 847 2493 930 2544; x_wconf 92' lang='lat' dir='ltr'>multo</span> <span class='ocrx_word' id='word_1_136' title='bbox 953 2493 1039 2560; x_wconf 86' lang='lat' dir='ltr'>magis</span> <span class='ocrx_word' id='word_1_137' title='bbox 1061 2492 1158 2556; x_wconf 72' lang='lat' dir='ltr'>ferreo,</span> <span class='ocrx_word' id='word_1_138' title='bbox 1182 2497 1316 2561; x_wconf 87' lang='lat' dir='ltr'>praeterea</span> <span class='ocrx_word' id='word_1_139' title='bbox 1337 2509 1459 2562; x_wconf 86' lang='lat' dir='ltr'>compen·</span> 
     </span>
     <span class='ocr_line' id='line_1_16' title="bbox 339 2575 1461 2646; baseline 0.001 -20"><span class='ocrx_word' id='word_1_140' title='bbox 339 2575 387 2632; x_wconf 85' lang='lat' dir='ltr'>diis</span> <span class='ocrx_word' id='word_1_141' title='bbox 404 2575 479 2627; x_wconf 91' lang='lat' dir='ltr'>miris</span> <span class='ocrx_word' id='word_1_142' title='bbox 498 2581 523 2627; x_wconf 89' lang='lat' dir='ltr'>et</span> <span class='ocrx_word' id='word_1_143' title='bbox 540 2593 607 2627; x_wconf 83' lang='lat' dir='ltr'>noue</span> <span class='ocrx_word' id='word_1_144' title='bbox 623 2576 736 2628; x_wconf 87' lang='lat' dir='ltr'>inventis</span> <span class='ocrx_word' id='word_1_145' title='bbox 755 2576 904 2644; x_wconf 82' lang='lat' dir='ltr'>significata</span> <span class='ocrx_word' id='word_1_146' title='bbox 914 2577 1001 2645; x_wconf 82' lang='lat' dir='ltr'>magis</span> <span class='ocrx_word' id='word_1_147' title='bbox 1014 2592 1094 2646; x_wconf 90' lang='lat' dir='ltr'>quam</span> <span class='ocrx_word' id='word_1_148' title='bbox 1105 2577 1214 2645; x_wconf 87' lang='lat' dir='ltr'>scripta,</span> <span class='ocrx_word' id='word_1_149' title='bbox 1231 2576 1314 2628; x_wconf 83' lang='lat' dir='ltr'>vitam</span> <span class='ocrx_word' id='word_1_150' title='bbox 1324 2575 1461 2645; x_wconf 90' lang='lat' dir='ltr'>Porphyrii</span> 
     </span>
     <span class='ocr_line' id='line_1_17' title="bbox 339 2660 1461 2731; baseline 0.002 -19"><span class='ocrx_word' id='word_1_151' title='bbox 339 2664 365 2712; x_wconf 90' lang='lat' dir='ltr'>et</span> <span class='ocrx_word' id='word_1_152' title='bbox 381 2660 463 2713; x_wconf 92' lang='lat' dir='ltr'>libros</span> <span class='ocrx_word' id='word_1_153' title='bbox 482 2665 508 2713; x_wconf 89' lang='lat' dir='ltr'>et</span> <span class='ocrx_word' id='word_1_154' title='bbox 524 2660 716 2731; x_wconf 81' lang='lat' dir='ltr'>philosophiam</span> <span class='ocrx_word' id='word_1_155' title='bbox 733 2663 770 2714; x_wconf 88' lang='lat' dir='ltr'>ita</span> <span class='ocrx_word' id='word_1_156' title='bbox 788 2666 936 2731; x_wconf 84' lang='lat' dir='ltr'>exponunt,</span> <span class='ocrx_word' id='word_1_157' title='bbox 959 2666 989 2714; x_wconf 91' lang='lat' dir='ltr'>ut</span> <span class='ocrx_word' id='word_1_158' title='bbox 1010 2660 1076 2715; x_wconf 94' lang='lat' dir='ltr'>nihil</span> <span class='ocrx_word' id='word_1_159' title='bbox 1096 2662 1189 2714; x_wconf 83' lang='lat' dir='ltr'>incerti</span> <span class='ocrx_word' id='word_1_160' title='bbox 1208 2665 1338 2725; x_wconf 83' lang='lat' dir='ltr'>maneret3</span> <span class='ocrx_word' id='word_1_161' title='bbox 1361 2661 1461 2715; x_wconf 86' lang='lat' dir='ltr'>scilicet</span> 
     </span>
     <span class='ocr_line' id='line_1_18' title="bbox 338 2745 1459 2817; baseline 0.003 -21"><span class='ocrx_word' id='word_1_162' title='bbox 338 2745 471 2799; x_wconf 86' lang='lat' dir='ltr'>Parisotns</span> <span class='ocrx_word' id='word_1_163' title='bbox 489 2747 626 2815; x_wconf 91' lang='lat' dir='ltr'>comperit,</span> <span class='ocrx_word' id='word_1_164' title='bbox 649 2748 707 2815; x_wconf 91' lang='lat' dir='ltr'>quis</span> <span class='ocrx_word' id='word_1_165' title='bbox 725 2754 795 2799; x_wconf 88' lang='lat' dir='ltr'>esset</span> <span class='ocrx_word' id='word_1_166' title='bbox 810 2753 884 2816; x_wconf 91' lang='lat' dir='ltr'>pater</span> <span class='ocrx_word' id='word_1_167' title='bbox 907 2752 934 2799; x_wconf 90' lang='lat' dir='ltr'>et</span> <span class='ocrx_word' id='word_1_168' title='bbox 951 2747 1055 2816; x_wconf 88' lang='lat' dir='ltr'>quando</span> <span class='ocrx_word' id='word_1_169' title='bbox 1075 2753 1195 2800; x_wconf 87' lang='lat' dir='ltr'>mortuus</span> <span class='ocrx_word' id='word_1_170' title='bbox 1218 2753 1245 2799; x_wconf 88' lang='lat' dir='ltr'>ot</span> <span class='ocrx_word' id='word_1_171' title='bbox 1267 2753 1381 2817; x_wconf 85' lang='lat' dir='ltr'>quantae</span> <span class='ocrx_word' id='word_1_172' title='bbox 1403 2748 1459 2800; x_wconf 85' lang='lat' dir='ltr'>eins</span> 
     </span>
     <span class='ocr_line' id='line_1_19' title="bbox 339 2830 1460 2901; baseline 0.003 -19"><span class='ocrx_word' id='word_1_173' title='bbox 339 2830 472 2894; x_wconf 87' lang='lat' dir='ltr'>fortunae;</span> <span class='ocrx_word' id='word_1_174' title='bbox 493 2849 527 2884; x_wconf 93' lang='lat' dir='ltr'>ne</span> <span class='ocrx_word' id='word_1_175' title='bbox 543 2832 626 2900; x_wconf 91' lang='lat' dir='ltr'>pilum</span> <span class='ocrx_word' id='word_1_176' title='bbox 644 2832 749 2901; x_wconf 91' lang='lat' dir='ltr'>quidem</span> <span class='ocrx_word' id='word_1_177' title='bbox 766 2833 870 2887; x_wconf 92' lang='lat' dir='ltr'>omittit.</span> <span class='ocrx_word' id='word_1_178' title='bbox 894 2832 962 2885; x_wconf 89' lang='lat' dir='ltr'>Illud</span> <span class='ocrx_word' id='word_1_179' title='bbox 973 2849 1055 2885; x_wconf 89' lang='lat' dir='ltr'>unum</span> <span class='ocrx_word' id='word_1_180' title='bbox 1067 2833 1207 2885; x_wconf 89' lang='lat' dir='ltr'>dolendum</span> <span class='ocrx_word' id='word_1_181' title='bbox 1219 2838 1270 2898; x_wconf 89' lang='lat' dir='ltr'>est,</span> <span class='ocrx_word' id='word_1_182' title='bbox 1288 2832 1353 2885; x_wconf 89' lang='lat' dir='ltr'>haec</span> <span class='ocrx_word' id='word_1_183' title='bbox 1372 2833 1460 2885; x_wconf 87' lang='lat' dir='ltr'>omnia</span> 
     </span>
     <span class='ocr_line' id='line_1_20' title="bbox 340 2917 1152 2985; baseline 0.001 -18"><span class='ocrx_word' id='word_1_184' title='bbox 340 2917 371 2968; x_wconf 91' lang='lat' dir='ltr'>ab</span> <span class='ocrx_word' id='word_1_185' title='bbox 389 2917 447 2985; x_wconf 94' lang='lat' dir='ltr'>ipso</span> <span class='ocrx_word' id='word_1_186' title='bbox 466 2932 523 2969; x_wconf 89' lang='lat' dir='ltr'>esse</span> <span class='ocrx_word' id='word_1_187' title='bbox 541 2918 698 2985; x_wconf 85' lang='lat' dir='ltr'>excogitata.</span> <span class='ocrx_word' id='word_1_188' title='bbox 1146 2959 1152 2968; x_wconf 92' lang='lat'><em>.</em></span> 
     </span>
    </p>

    <p class='ocr_par' dir='ltr' id='par_1_7' title="bbox 339 3000 1463 4495">
     <span class='ocr_line' id='line_1_21' title="bbox 407 3000 1459 3070; baseline 0.005 -18"><span class='ocrx_word' id='word_1_189' title='bbox 407 3001 418 3034; x_wconf 76' lang='lat'>²</span> <span class='ocrx_word' id='word_1_190' title='bbox 435 3000 561 3070; x_wconf 88' lang='lat' dir='ltr'>Porphyr.</span> <span class='ocrx_word' id='word_1_191' title='bbox 570 3002 616 3054; x_wconf 86' lang='lat' dir='ltr'>rit.</span> <span class='ocrx_word' id='word_1_192' title='bbox 624 3002 721 3054; x_wconf 87' lang='lat' dir='ltr'>Plotini</span> <span class='ocrx_word' id='word_1_193' title='bbox 739 3003 823 3070; x_wconf 79' lang='lat' dir='ltr'>(cuius</span> <span class='ocrx_word' id='word_1_194' title='bbox 841 3002 967 3056; x_wconf 83' lang='lat' dir='ltr'>editiones</span> <span class='ocrx_word' id='word_1_195' title='bbox 979 3004 1138 3056; x_wconf 82' lang='lat' dir='ltr'>novissimae</span> <span class='ocrx_word' id='word_1_196' title='bbox 1150 3003 1271 3057; x_wconf 80' lang='lat' dir='ltr'>Greuoeri</span> <span class='ocrx_word' id='word_1_197' title='bbox 1287 3009 1349 3056; x_wconf 91' lang='lat' dir='ltr'>sunt</span> <span class='ocrx_word' id='word_1_198' title='bbox 1366 3019 1459 3057; x_wconf 89' lang='lat' dir='ltr'>ennea-</span> 
     </span>
     <span class='ocr_line' id='line_1_22' title="bbox 340 3082 1459 3157; baseline 0.004 -20"><span class='ocrx_word' id='word_1_199' title='bbox 340 3085 415 3138; x_wconf 90' lang='lat' dir='ltr'>dibus</span> <span class='ocrx_word' id='word_1_200' title='bbox 436 3085 532 3138; x_wconf 91' lang='lat' dir='ltr'>Plotini</span> <span class='ocrx_word' id='word_1_201' title='bbox 553 3088 699 3157; x_wconf 88' lang='lat' dir='ltr'>praemissa</span> <span class='ocrx_word' id='word_1_202' title='bbox 722 3086 807 3139; x_wconf 85' lang='lat' dir='ltr'>Oxou.</span> <span class='ocrx_word' id='word_1_203' title='bbox 822 3086 896 3141; x_wconf 83' lang='grc'><strong>1836.</strong></span> <span class='ocrx_word' id='word_1_204' title='bbox 914 3087 953 3141; x_wconf 94' lang='lat' dir='ltr'>oh.</span> <span class='ocrx_word' id='word_1_205' title='bbox 977 3082 1124 3157; x_wconf 85' lang='lat' dir='ltr'>quaternis,</span> <span class='ocrx_word' id='word_1_206' title='bbox 1143 3095 1169 3141; x_wconf 89' lang='lat' dir='ltr'>et</span> <span class='ocrx_word' id='word_1_207' title='bbox 1185 3086 1378 3141; x_wconf 81' lang='lat' dir='ltr'>Wostermanni</span> <span class='ocrx_word' id='word_1_208' title='bbox 1399 3105 1459 3141; x_wconf 90' lang='lat' dir='ltr'>cum</span> 
     </span>
     <span class='ocr_line' id='line_1_23' title="bbox 340 3169 1462 3242; baseline 0.003 -20"><span class='ocrx_word' id='word_1_209' title='bbox 340 3169 467 3223; x_wconf 86' lang='lat' dir='ltr'>Grenzero</span> <span class='ocrx_word' id='word_1_210' title='bbox 483 3172 537 3224; x_wconf 84' lang='lat' dir='ltr'>fere</span> <span class='ocrx_word' id='word_1_211' title='bbox 555 3173 720 3225; x_wconf 85' lang='lat' dir='ltr'>consentiens</span> <span class='ocrx_word' id='word_1_212' title='bbox 737 3172 819 3227; x_wconf 91' lang='lat' dir='ltr'>Paris.</span> <span class='ocrx_word' id='word_1_213' title='bbox 838 3188 880 3242; x_wconf 89' lang='lat' dir='ltr'>ap.</span> <span class='ocrx_word' id='word_1_214' title='bbox 892 3172 979 3225; x_wconf 83' lang='lat' dir='ltr'>Didot</span> <span class='ocrx_word' id='word_1_215' title='bbox 994 3171 1120 3226; x_wconf 88' lang='grc' dir='ltr'><strong>1850.ο11.</strong></span> <span class='ocrx_word' id='word_1_216' title='bbox 1135 3173 1221 3225; x_wconf 87' lang='lat' dir='ltr'>8mai.</span> <span class='ocrx_word' id='word_1_217' title='bbox 1233 3174 1346 3242; x_wconf 85' lang='lat' dir='ltr'>Diogeni</span> <span class='ocrx_word' id='word_1_218' title='bbox 1356 3173 1462 3225; x_wconf 90' lang='lat' dir='ltr'>Laertio</span> 
     </span>
     <span class='ocr_line' id='line_1_24' title="bbox 340 3254 1459 3327; baseline 0 -20"><span class='ocrx_word' id='word_1_219' title='bbox 340 3256 454 3324; x_wconf 72' lang='lat' dir='ltr'>annoxal</span> <span class='ocrx_word' id='word_1_220' title='bbox 464 3272 520 3325; x_wconf 87' lang='lat' dir='ltr'>cap.</span> <span class='ocrx_word' id='word_1_221' title='bbox 533 3257 576 3308; x_wconf 78' lang='lat'>17:</span> <span class='ocrx_word' id='word_1_222' title='bbox 588 3256 705 3317; x_wconf 77' lang='grc' dir='ltr'>Βασιλεὺς</span> <span class='ocrx_word' id='word_1_223' title='bbox 713 3256 899 3326; x_wconf 80' lang='grc' dir='ltr'>δὲτοῦνοματῷ</span> <span class='ocrx_word' id='word_1_224' title='bbox 905 3256 1101 3327; x_wconf 80' lang='grc' dir='ltr'>Πορφυρίῳέμολ</span> <span class='ocrx_word' id='word_1_225' title='bbox 1113 3261 1220 3326; x_wconf 74' lang='grc' dir='ltr'>προσῆν,</span> <span class='ocrx_word' id='word_1_226' title='bbox 1232 3254 1295 3307; x_wconf 81' lang='grc' dir='ltr'>κατὰ</span> <span class='ocrx_word' id='word_1_227' title='bbox 1305 3256 1348 3327; x_wconf 79' lang='grc' dir='ltr'>μὲν</span> <span class='ocrx_word' id='word_1_228' title='bbox 1358 3255 1459 3326; x_wconf 83' lang='grc' dir='ltr'>πάτριον</span> 
     </span>
     <span class='ocr_line' id='line_1_25' title="bbox 341 3336 1459 3411; baseline 0.003 -21"><span class='ocrx_word' id='word_1_229' title='bbox 341 3338 465 3392; x_wconf 80' lang='grc' dir='ltr'>διάλεκτον</span> <span class='ocrx_word' id='word_1_230' title='bbox 471 3338 572 3411; x_wconf 80' lang='grc' dir='ltr'>Μάλχῳ</span> <span class='ocrx_word' id='word_1_231' title='bbox 579 3341 735 3411; x_wconf 57' lang='grc' dir='ltr'>κεκλημένῳ</span> <span class='ocrx_word' id='word_1_232' title='bbox 746 3339 805 3410; x_wconf 68' lang='grc' dir='ltr'>ὅπερ</span> <span class='ocrx_word' id='word_1_233' title='bbox 813 3359 855 3409; x_wconf 86' lang='grc' dir='ltr'>μοι</span> <span class='ocrx_word' id='word_1_234' title='bbox 865 3338 928 3391; x_wconf 72' lang='grc' dir='ltr'>καὶὸ</span> <span class='ocrx_word' id='word_1_235' title='bbox 939 3340 1019 3409; x_wconf 75' lang='grc' dir='ltr'>πατὴρ</span> <span class='ocrx_word' id='word_1_236' title='bbox 1026 3336 1106 3410; x_wconf 82' lang='grc' dir='ltr'>ὄνομα</span> <span class='ocrx_word' id='word_1_237' title='bbox 1115 3340 1228 3406; x_wconf 80' lang='grc' dir='ltr'>κέκλητο.</span> <span class='ocrx_word' id='word_1_238' title='bbox 1240 3337 1459 3393; x_wconf 85' lang='lat' dir='ltr'>MalchusArabis</span> 
     </span>
     <span class='ocr_line' id='line_1_26' title="bbox 339 3424 1459 3495; baseline 0 -18"><span class='ocrx_word' id='word_1_239' title='bbox 339 3442 435 3478; x_wconf 86' lang='lat' dir='ltr'>nornen</span> <span class='ocrx_word' id='word_1_240' title='bbox 453 3426 523 3494; x_wconf 86' lang='lat' dir='ltr'>apud</span> <span class='ocrx_word' id='word_1_241' title='bbox 538 3425 640 3495; x_wconf 90' lang='lat' dir='ltr'>Ioseph.</span> <span class='ocrx_word' id='word_1_242' title='bbox 656 3426 695 3480; x_wconf 85' lang='lat'>13.</span> <span class='ocrx_word' id='word_1_243' title='bbox 709 3426 733 3478; x_wconf 92' lang='grc'>5.</span> <span class='ocrx_word' id='word_1_244' title='bbox 748 3426 762 3477; x_wconf 73' lang='grc'>1’</span> <span class='ocrx_word' id='word_1_245' title='bbox 774 3429 821 3478; x_wconf 90' lang='lat' dir='ltr'>ost.</span> <span class='ocrx_word' id='word_1_246' title='bbox 851 3425 890 3477; x_wconf 88' lang='lat' dir='ltr'>De</span> <span class='ocrx_word' id='word_1_247' title='bbox 904 3425 1007 3477; x_wconf 88' lang='lat' dir='ltr'>Malcho</span> <span class='ocrx_word' id='word_1_248' title='bbox 1018 3424 1231 3494; x_wconf 89' lang='lat' dir='ltr'>Philadelpheno,</span> <span class='ocrx_word' id='word_1_249' title='bbox 1250 3425 1320 3494; x_wconf 90' lang='lat' dir='ltr'>quod</span> <span class='ocrx_word' id='word_1_250' title='bbox 1334 3425 1459 3477; x_wconf 85' lang='lat' dir='ltr'>Palaesti-</span> 
     </span>
     <span class='ocr_line' id='line_1_27' title="bbox 340 3508 1459 3580; baseline -0.002 -17"><span class='ocrx_word' id='word_1_251' title='bbox 340 3527 387 3563; x_wconf 86' lang='lat' dir='ltr'>nae</span> <span class='ocrx_word' id='word_1_252' title='bbox 398 3512 450 3563; x_wconf 87' lang='lat' dir='ltr'>fuit</span> <span class='ocrx_word' id='word_1_253' title='bbox 468 3511 604 3580; x_wconf 91' lang='lat' dir='ltr'>oppidum,</span> <span class='ocrx_word' id='word_1_254' title='bbox 622 3510 741 3579; x_wconf 87' lang='lat' dir='ltr'>sophista</span> <span class='ocrx_word' id='word_1_255' title='bbox 758 3515 784 3561; x_wconf 91' lang='lat' dir='ltr'>et</span> <span class='ocrx_word' id='word_1_256' title='bbox 801 3526 888 3561; x_wconf 89' lang='lat' dir='ltr'>rerum</span> <span class='ocrx_word' id='word_1_257' title='bbox 906 3509 1015 3578; x_wconf 82' lang='lat' dir='ltr'>Byzant</span> <span class='ocrx_word' id='word_1_258' title='bbox 1028 3511 1152 3579; x_wconf 83' lang='lat' dir='ltr'>scriptore</span> <span class='ocrx_word' id='word_1_259' title='bbox 1162 3510 1237 3563; x_wconf 90' lang='lat' dir='ltr'>Voss.</span> <span class='ocrx_word' id='word_1_260' title='bbox 1249 3508 1309 3561; x_wconf 81' lang='lat' dir='ltr'>hist</span> <span class='ocrx_word' id='word_1_261' title='bbox 1321 3525 1360 3577; x_wconf 82' lang='lat' dir='ltr'>gr.</span> <span class='ocrx_word' id='word_1_262' title='bbox 1373 3527 1398 3578; x_wconf 90' lang='lat' dir='ltr'>p.</span> <span class='ocrx_word' id='word_1_263' title='bbox 1408 3509 1459 3561; x_wconf 88' lang='grc'>318</span> 
     </span>
     <span class='ocr_line' id='line_1_28' title="bbox 340 3594 1460 3663; baseline -0.002 -16"><span class='ocrx_word' id='word_1_264' title='bbox 340 3595 476 3648; x_wconf 89' lang='lat' dir='ltr'>Wosterm.</span> <span class='ocrx_word' id='word_1_265' title='bbox 499 3595 528 3649; x_wconf 85' lang='grc'>6.</span> <span class='ocrx_word' id='word_1_266' title='bbox 540 3596 650 3649; x_wconf 89' lang='lat' dir='ltr'>Mueller</span> <span class='ocrx_word' id='word_1_267' title='bbox 667 3595 698 3647; x_wconf 89' lang='lat' dir='ltr'>fr.</span> <span class='ocrx_word' id='word_1_268' title='bbox 715 3594 776 3648; x_wconf 89' lang='lat' dir='ltr'>hist.</span> <span class='ocrx_word' id='word_1_269' title='bbox 790 3610 829 3662; x_wconf 84' lang='lat' dir='ltr'>gr.</span> <span class='ocrx_word' id='word_1_270' title='bbox 844 3600 907 3646; x_wconf 78' lang='lat' dir='ltr'>tom,</span> <span class='ocrx_word' id='word_1_271' title='bbox 916 3595 940 3646; x_wconf 86' lang='lat'>4.</span> <span class='ocrx_word' id='word_1_272' title='bbox 953 3611 979 3663; x_wconf 82' lang='lat' dir='ltr'>p,</span> <span class='ocrx_word' id='word_1_273' title='bbox 991 3595 1046 3655; x_wconf 80' lang='lat' dir='ltr'>ill,</span> <span class='ocrx_word' id='word_1_274' title='bbox 1081 3595 1155 3646; x_wconf 89' lang='lat' dir='ltr'>Alius</span> <span class='ocrx_word' id='word_1_275' title='bbox 1178 3595 1207 3646; x_wconf 89' lang='lat' dir='ltr'>in</span> <span class='ocrx_word' id='word_1_276' title='bbox 1228 3594 1344 3662; x_wconf 81' lang='lat' dir='ltr'>sepulcri·</span> <span class='ocrx_word' id='word_1_277' title='bbox 1357 3594 1460 3662; x_wconf 76' lang='lat' dir='ltr'>Syriaci</span> 
     </span>
     <span class='ocr_line' id='line_1_29' title="bbox 340 3674 1459 3750; baseline -0.003 -19"><span class='ocrx_word' id='word_1_278' title='bbox 340 3697 419 3750; x_wconf 90' lang='lat' dir='ltr'>prope</span> <span class='ocrx_word' id='word_1_279' title='bbox 430 3680 559 3733; x_wconf 88' lang='lat' dir='ltr'>Beroeam</span> <span class='ocrx_word' id='word_1_280' title='bbox 579 3681 674 3749; x_wconf 88' lang='lat' dir='ltr'>roperti</span> <span class='ocrx_word' id='word_1_281' title='bbox 689 3680 858 3748; x_wconf 89' lang='lat' dir='ltr'>inscriptione</span> <span class='ocrx_word' id='word_1_282' title='bbox 872 3678 973 3731; x_wconf 79' lang='lat' dir='ltr'>Graeca</span> <span class='ocrx_word' id='word_1_283' title='bbox 985 3679 1052 3731; x_wconf 90' lang='grc'><strong>4455</strong></span> <span class='ocrx_word' id='word_1_284' title='bbox 1069 3680 1230 3731; x_wconf 88' lang='lat' dir='ltr'>nominatur:</span> <span class='ocrx_word' id='word_1_285' title='bbox 1248 3676 1354 3748; x_wconf 84' lang='grc' dir='ltr'>Μάλχος</span> <span class='ocrx_word' id='word_1_286' title='bbox 1366 3674 1459 3730; x_wconf 82' lang='grc' dir='ltr'>Μενάν-</span> 
     </span>
     <span class='ocr_line' id='line_1_30' title="bbox 341 3762 1463 3833; baseline 0 -19"><span class='ocrx_word' id='word_1_287' title='bbox 341 3764 411 3833; x_wconf 77' lang='grc' dir='ltr'>δρουε</span> <span class='ocrx_word' id='word_1_288' title='bbox 432 3766 528 3830; x_wconf 84' lang='lat' dir='ltr'>,Iulius</span> <span class='ocrx_word' id='word_1_289' title='bbox 539 3766 660 3818; x_wconf 87' lang='lat' dir='ltr'>Aurelius</span> <span class='ocrx_word' id='word_1_290' title='bbox 676 3764 819 3828; x_wconf 77' lang='lat' dir='ltr'>Zenobiae,</span> <span class='ocrx_word' id='word_1_291' title='bbox 839 3764 884 3833; x_wconf 89' lang='lat' dir='ltr'>qui</span> <span class='ocrx_word' id='word_1_292' title='bbox 901 3764 981 3816; x_wconf 89' lang='lat' dir='ltr'>etiam</span> <span class='ocrx_word' id='word_1_293' title='bbox 998 3764 1132 3828; x_wconf 72' lang='lat' dir='ltr'>habenae,</span> <span class='ocrx_word' id='word_1_294' title='bbox 1150 3762 1248 3815; x_wconf 87' lang='lat' dir='ltr'>Malchi</span> <span class='ocrx_word' id='word_1_295' title='bbox 1264 3763 1283 3815; x_wconf 88' lang='lat' dir='ltr'>f.</span> <span class='ocrx_word' id='word_1_296' title='bbox 1299 3762 1397 3816; x_wconf 88' lang='lat' dir='ltr'>Malohi</span> <span class='ocrx_word' id='word_1_297' title='bbox 1413 3766 1463 3817; x_wconf 77' lang='lat' dir='ltr'>n,“&#39;</span> 
     </span>
     <span class='ocr_line' id='line_1_31' title="bbox 340 3847 1459 3917; baseline 0 -17"><span class='ocrx_word' id='word_1_298' title='bbox 340 3850 366 3900; x_wconf 93' lang='lat' dir='ltr'>in</span> <span class='ocrx_word' id='word_1_299' title='bbox 389 3850 452 3901; x_wconf 89' lang='lat' dir='ltr'>anni</span> <span class='ocrx_word' id='word_1_300' title='bbox 470 3850 517 3902; x_wconf 76' lang='lat'>241</span> <span class='ocrx_word' id='word_1_301' title='bbox 537 3851 614 3902; x_wconf 85' lang='lat' dir='ltr'>inser.</span> <span class='ocrx_word' id='word_1_302' title='bbox 632 3850 787 3917; x_wconf 87' lang='lat' dir='ltr'>Pahnyrona</span> <span class='ocrx_word' id='word_1_303' title='bbox 805 3848 880 3901; x_wconf 88' lang='grc'><strong>4483.</strong></span> <span class='ocrx_word' id='word_1_304' title='bbox 915 3848 1011 3901; x_wconf 86' lang='lat' dir='ltr'>Euseb.</span> <span class='ocrx_word' id='word_1_305' title='bbox 1033 3848 1209 3917; x_wconf 80' lang='lat' dir='ltr'>Hieronymus</span> <span class='ocrx_word' id='word_1_306' title='bbox 1231 3847 1341 3912; x_wconf 88' lang='lat' dir='ltr'>Malchi,</span> <span class='ocrx_word' id='word_1_307' title='bbox 1364 3848 1459 3917; x_wconf 88' lang='lat' dir='ltr'>captivi</span> 
     </span>
     <span class='ocr_line' id='line_1_32' title="bbox 340 3932 1459 4003; baseline -0.002 -18"><span class='ocrx_word' id='word_1_308' title='bbox 340 3934 473 4001; x_wconf 84' lang='lat' dir='ltr'>monachi,</span> <span class='ocrx_word' id='word_1_309' title='bbox 496 3935 578 3987; x_wconf 79' lang='lat' dir='ltr'>vitam</span> <span class='ocrx_word' id='word_1_310' title='bbox 595 3935 711 4003; x_wconf 89' lang='lat' dir='ltr'>scripsit,</span> <span class='ocrx_word' id='word_1_311' title='bbox 734 3934 766 3986; x_wconf 88' lang='lat' dir='ltr'>de</span> <span class='ocrx_word' id='word_1_312' title='bbox 785 3950 835 4001; x_wconf 93' lang='lat' dir='ltr'>quo</span> <span class='ocrx_word' id='word_1_313' title='bbox 853 3933 881 3986; x_wconf 91' lang='lat' dir='ltr'>in</span> <span class='ocrx_word' id='word_1_314' title='bbox 900 3949 960 4002; x_wconf 92' lang='lat' dir='ltr'>opp.</span> <span class='ocrx_word' id='word_1_315' title='bbox 980 3933 1018 3985; x_wconf 92' lang='lat' dir='ltr'>ed.</span> <span class='ocrx_word' id='word_1_316' title='bbox 1036 3933 1117 3986; x_wconf 78' lang='lat' dir='ltr'>Basil,</span> <span class='ocrx_word' id='word_1_317' title='bbox 1136 3933 1273 3987; x_wconf 83' lang='lat' dir='ltr'>aFrobon.</span> <span class='ocrx_word' id='word_1_318' title='bbox 1292 3932 1459 3987; x_wconf 48' lang='grc'><strong>415161111-</strong></span> 
     </span>
     <span class='ocr_line' id='line_1_33' title="bbox 340 4018 1459 4087; baseline -0.003 -16"><span class='ocrx_word' id='word_1_319' title='bbox 340 4034 445 4086; x_wconf 89' lang='lat' dir='ltr'>pressae</span> <span class='ocrx_word' id='word_1_320' title='bbox 462 4019 564 4073; x_wconf 78' lang='lat' dir='ltr'>tmax.</span> <span class='ocrx_word' id='word_1_321' title='bbox 576 4024 640 4073; x_wconf 90' lang='lat' dir='ltr'>tom.</span> <span class='ocrx_word' id='word_1_322' title='bbox 653 4019 662 4069; x_wconf 95' lang='grc'>1</span> <span class='ocrx_word' id='word_1_323' title='bbox 679 4018 725 4072; x_wconf 82' lang='lat' dir='ltr'>fol.</span> <span class='ocrx_word' id='word_1_324' title='bbox 738 4018 785 4070; x_wconf 92' lang='grc'>116</span> <span class='ocrx_word' id='word_1_325' title='bbox 798 4034 812 4069; x_wconf 92' lang='lat' dir='ltr'>o</span> <span class='ocrx_word' id='word_1_326' title='bbox 828 4018 877 4069; x_wconf 88' lang='lat' dir='ltr'>ait:</span> <span class='ocrx_word' id='word_1_327' title='bbox 898 4018 976 4082; x_wconf 84' lang='lat' dir='ltr'>„Erat</span> <span class='ocrx_word' id='word_1_328' title='bbox 987 4018 1067 4087; x_wconf 85' lang='lat' dir='ltr'>igitur</span> <span class='ocrx_word' id='word_1_329' title='bbox 1078 4019 1131 4070; x_wconf 91' lang='lat' dir='ltr'>illio</span> <span class='ocrx_word' id='word_1_330' title='bbox 1143 4018 1248 4087; x_wconf 90' lang='lat' dir='ltr'>quidam</span> <span class='ocrx_word' id='word_1_331' title='bbox 1261 4034 1343 4069; x_wconf 85' lang='lat' dir='ltr'>senex</span> <span class='ocrx_word' id='word_1_332' title='bbox 1354 4018 1459 4069; x_wconf 88' lang='lat' dir='ltr'>nomine</span> 
     </span>
     <span class='ocr_line' id='line_1_34' title="bbox 340 4102 1459 4173; baseline -0.003 -18"><span class='ocrx_word' id='word_1_333' title='bbox 340 4103 470 4167; x_wconf 87' lang='lat' dir='ltr'>Malohus,</span> <span class='ocrx_word' id='word_1_334' title='bbox 490 4120 568 4173; x_wconf 89' lang='lat' dir='ltr'>quem</span> <span class='ocrx_word' id='word_1_335' title='bbox 585 4120 634 4155; x_wconf 91' lang='lat' dir='ltr'>nos</span> <span class='ocrx_word' id='word_1_336' title='bbox 652 4103 743 4155; x_wconf 89' lang='lat' dir='ltr'>Latine</span> <span class='ocrx_word' id='word_1_337' title='bbox 760 4118 850 4171; x_wconf 87' lang='lat' dir='ltr'>regem</span> <span class='ocrx_word' id='word_1_338' title='bbox 867 4118 1008 4171; x_wconf 88' lang='lat' dir='ltr'>possumus</span> <span class='ocrx_word' id='word_1_339' title='bbox 1027 4102 1123 4167; x_wconf 88' lang='lat' dir='ltr'>dicere,</span> <span class='ocrx_word' id='word_1_340' title='bbox 1145 4103 1228 4171; x_wconf 88' lang='lat' dir='ltr'>Syrus</span> <span class='ocrx_word' id='word_1_341' title='bbox 1245 4103 1350 4154; x_wconf 86' lang='lat' dir='ltr'>natione</span> <span class='ocrx_word' id='word_1_342' title='bbox 1368 4106 1395 4152; x_wconf 87' lang='lat' dir='ltr'>et</span> <span class='ocrx_word' id='word_1_343' title='bbox 1410 4102 1459 4152; x_wconf 92' lang='lat' dir='ltr'>lin·</span> 
     </span>
     <span class='ocr_line' id='line_1_35' title="bbox 341 4183 1459 4258; baseline -0.004 -18"><span class='ocrx_word' id='word_1_344' title='bbox 341 4203 401 4255; x_wconf 80' lang='lat' dir='ltr'>gua</span> <span class='ocrx_word' id='word_1_345' title='bbox 410 4194 437 4240; x_wconf 92' lang='lat' dir='ltr'>et</span> <span class='ocrx_word' id='word_1_346' title='bbox 453 4204 545 4240; x_wconf 87' lang='lat' dir='ltr'>revera</span> <span class='ocrx_word' id='word_1_347' title='bbox 562 4187 718 4258; x_wconf 74' lang='grc' dir='ltr'>αὐτόχθων.“</span> <span class='ocrx_word' id='word_1_348' title='bbox 742 4186 815 4239; x_wconf 87' lang='lat' dir='ltr'>Idem</span> <span class='ocrx_word' id='word_1_349' title='bbox 832 4203 929 4240; x_wconf 90' lang='lat' dir='ltr'>nomon</span> <span class='ocrx_word' id='word_1_350' title='bbox 940 4183 1054 4255; x_wconf 83' lang='grc' dir='ltr'>Μάλιχος</span> <span class='ocrx_word' id='word_1_351' title='bbox 1072 4187 1156 4239; x_wconf 90' lang='lat' dir='ltr'>estin</span> <span class='ocrx_word' id='word_1_352' title='bbox 1172 4187 1250 4239; x_wconf 87' lang='lat' dir='ltr'>inscr.</span> <span class='ocrx_word' id='word_1_353' title='bbox 1263 4185 1334 4237; x_wconf 83' lang='lat'>4500</span> <span class='ocrx_word' id='word_1_354' title='bbox 1342 4189 1369 4237; x_wconf 92' lang='lat' dir='ltr'>et</span> <span class='ocrx_word' id='word_1_355' title='bbox 1379 4184 1459 4248; x_wconf 79' lang='lat'>4504;</span> 
     </span>
     <span class='ocr_line' id='line_1_36' title="bbox 341 4267 1462 4342; baseline -0.003 -19"><span class='ocrx_word' id='word_1_356' title='bbox 341 4272 400 4325; x_wconf 93' lang='lat' dir='ltr'>inde</span> <span class='ocrx_word' id='word_1_357' title='bbox 423 4272 546 4342; x_wconf 80' lang='grc' dir='ltr'>Μαλχίων</span> <span class='ocrx_word' id='word_1_358' title='bbox 570 4274 597 4324; x_wconf 90' lang='lat' dir='ltr'>in</span> <span class='ocrx_word' id='word_1_359' title='bbox 618 4273 695 4325; x_wconf 90' lang='lat' dir='ltr'>insor.</span> <span class='ocrx_word' id='word_1_360' title='bbox 714 4273 772 4340; x_wconf 86' lang='lat' dir='ltr'>Syr.</span> <span class='ocrx_word' id='word_1_361' title='bbox 790 4271 870 4334; x_wconf 83' lang='grc'><strong>4647,</strong></span> <span class='ocrx_word' id='word_1_362' title='bbox 893 4270 1025 4341; x_wconf 77' lang='grc' dir='ltr'>Μαλιχίων</span> <span class='ocrx_word' id='word_1_363' title='bbox 1047 4272 1075 4324; x_wconf 91' lang='lat' dir='ltr'>in</span> <span class='ocrx_word' id='word_1_364' title='bbox 1097 4271 1175 4323; x_wconf 89' lang='lat' dir='ltr'>insor.</span> <span class='ocrx_word' id='word_1_365' title='bbox 1195 4270 1358 4322; x_wconf 84' lang='lat' dir='ltr'>Palaestinae</span> <span class='ocrx_word' id='word_1_366' title='bbox 1380 4267 1462 4321; x_wconf 71' lang='grc' dir='ltr'>4558.Δ</span> 
     </span>
     <span class='ocr_line' id='line_1_37' title="bbox 341 4354 1462 4427; baseline -0.002 -18"><span class='ocrx_word' id='word_1_367' title='bbox 341 4356 474 4410; x_wconf 84' lang='lat' dir='ltr'>Malechus</span> <span class='ocrx_word' id='word_1_368' title='bbox 491 4357 630 4411; x_wconf 88' lang='lat' dir='ltr'>Persarum</span> <span class='ocrx_word' id='word_1_369' title='bbox 647 4357 821 4427; x_wconf 85' lang='lat' dir='ltr'>posteriorum</span> <span class='ocrx_word' id='word_1_370' title='bbox 837 4356 1006 4425; x_wconf 79' lang='lat' dir='ltr'>magistratus</span> <span class='ocrx_word' id='word_1_371' title='bbox 1019 4361 1083 4409; x_wconf 71' lang='lat' dir='ltr'>verat</span> <span class='ocrx_word' id='word_1_372' title='bbox 1099 4355 1202 4409; x_wconf 83' lang='lat' dir='ltr'>Surena</span> <span class='ocrx_word' id='word_1_373' title='bbox 1222 4354 1336 4406; x_wconf 79' lang='lat' dir='ltr'>inferior.</span> <span class='ocrx_word' id='word_1_374' title='bbox 1370 4354 1462 4407; x_wconf 77' lang='lat' dir='ltr'>dmm.¹</span> 
     </span>
     <span class='ocr_line' id='line_1_38' title="bbox 341 4440 1028 4495; baseline -0.001 -2"><span class='ocrx_word' id='word_1_375' title='bbox 341 4440 418 4495; x_wconf 83' lang='lat' dir='ltr'>Marc.</span> <span class='ocrx_word' id='word_1_376' title='bbox 432 4442 473 4495; x_wconf 76' lang='lat'>24.</span> <span class='ocrx_word' id='word_1_377' title='bbox 486 4441 509 4494; x_wconf 79' lang='lat'>2.</span> <span class='ocrx_word' id='word_1_378' title='bbox 522 4443 546 4494; x_wconf 94' lang='grc'><strong>4.</strong></span> <span class='ocrx_word' id='word_1_379' title='bbox 668 4449 671 4452; x_wconf 79' lang='grc'>’</span> <span class='ocrx_word' id='word_1_380' title='bbox 1026 4459 1028 4461; x_wconf 72' lang='grc'>’</span> 
     </span>
    </p>

    <p class='ocr_par' dir='ltr' id='par_1_8' title="bbox 408 4522 1464 4595">
     <span class='ocr_line' id='line_1_39' title="bbox 408 4522 1464 4595; baseline -0.006 -16"><span class='ocrx_word' id='word_1_381' title='bbox 408 4527 420 4595; x_wconf 69' lang='lat'>³‚</span> <span class='ocrx_word' id='word_1_382' title='bbox 437 4527 581 4581; x_wconf 84' lang='lat' dir='ltr'>Bataneota</span> <span class='ocrx_word' id='word_1_383' title='bbox 598 4528 692 4580; x_wconf 89' lang='lat' dir='ltr'>dicitur</span> <span class='ocrx_word' id='word_1_384' title='bbox 714 4544 730 4579; x_wconf 91' lang='lat' dir='ltr'>a</span> <span class='ocrx_word' id='word_1_385' title='bbox 747 4526 774 4579; x_wconf 86' lang='lat' dir='ltr'>S.</span> <span class='ocrx_word' id='word_1_386' title='bbox 785 4527 890 4580; x_wconf 83' lang='lat' dir='ltr'>Hieron.</span> <span class='ocrx_word' id='word_1_387' title='bbox 908 4527 937 4578; x_wconf 91' lang='lat' dir='ltr'>in</span> <span class='ocrx_word' id='word_1_388' title='bbox 958 4525 1085 4594; x_wconf 85' lang='lat' dir='ltr'>epistulae</span> <span class='ocrx_word' id='word_1_389' title='bbox 1107 4524 1140 4575; x_wconf 77' lang='lat' dir='ltr'>a&#39;d</span> <span class='ocrx_word' id='word_1_390' title='bbox 1158 4523 1266 4577; x_wconf 83' lang='lat' dir='ltr'>Galatas</span> <span class='ocrx_word' id='word_1_391' title='bbox 1288 4522 1370 4575; x_wconf 84' lang='lat' dir='ltr'>&#39;datae</span> <span class='ocrx_word' id='word_1_392' title='bbox 1386 4522 1464 4591; x_wconf 60' lang='lat' dir='ltr'>prae·⁴</span> 
     </span>
    </p>
   </div>
   <div class='ocr_carea' id='block_1_7' title="bbox 0 0 1802 5400">
    <p class='ocr_par' dir='ltr' id='par_1_9' title="bbox 0 0 1802 5400">
     <span class='ocr_line' id='line_1_40' title="bbox 0 0 1802 5400; baseline 0 0"><span class='ocrx_word' id='word_1_393' title='bbox 0 0 1802 5400; x_wconf 95' lang='lat' dir='ltr'> </span> 
     </span>
    </p>
   </div>
  </div>
 </body>
</html>
