3592 5400
393 480 433 548 bb
619 501 715 547 cerus
729 502 769 545 ιν.
792 501 834 544 nn
849 501 1055 546 onrcmonuu
1070 503 1269 553 corruamus.

391 657 535 719 Kuehuii:
559 656 652 715 utrius
673 657 790 734 generis
810 656 870 717 siut
889 657 1008 715 difficile
1027 677 1094 716 esse
1115 658 1276 717 intellectu.
1296 661 1339 719 VI
1352 680 1382 736 p.
1396 662 1453 731 41,
1474 662 1511 721 de

391 770 517 829 sanitate
528 769 636 826 tuenda
646 768 669 826 I.
684 769 702 826 8
718 767 900 845 praescripta
910 769 1022 844 aliquot
1033 770 1146 828 medica
1156 771 1338 847 Aesculapii,
1351 772 1398 830 dei
1409 772 1510 848 patrii,

392 885 549 939 enumerat.
578 876 723 939 Subtilius
742 879 832 937 etiam
845 878 1040 955 Herophilus,
1061 881 1111 955 qui
1131 883 1186 939 sub
1200 882 1369 941 Ptolemaeo
1389 883 1467 962 Lagi
1488 885 1510 943 f.

391 991 531 1050 medicam
550 997 643 1048 artem
663 991 830 1060 exercebat,
844 990 908 1057 ¹tria
927 991 1082 1068 distinguit
1099 1011 1208 1068 genera
1225 1011 1273 1068 ap.
1285 993 1364 1052 Plut.
1377 994 1414 1052 de
1431 995 1509 1070 plac.

389 1102 497 1179 philos.
513 1101 548 1160 V.
566 1102 599 1163 2:
624 1095 695 1170 τοὺς
721 1097 846 1184 ὀνείρους
869 1096 939 1170 τοὺς
965 1093 1178 1172 θεοπνεύστους
1198 1097 1264 1161 κατ’
1281 1096 1417 1187 ἀνάγκην
1432 1101 1511 1189 γίνε-

391 1205 472 1271 σθαι·
486 1207 556 1281 τοὺς
572 1195 604 1270 δὲ
620 1206 757 1294 φυσικοὺς
773 1195 1095 1295 ἀνειδωλοποιουμένης
1110 1203 1205 1296 ψυχῆς
1218 1208 1255 1272 τὸ
1269 1208 1416 1298 συμφέρον
1431 1214 1512 1295 αὐτῇ

390 1319 441 1381 καὶ
465 1318 502 1381 τὸ
527 1317 599 1405 πρὸς
623 1315 741 1391 τούτοις
766 1316 919 1406 ἐσόμενον·
943 1317 1013 1391 τοὺς
1039 1307 1072 1380 δὲ
1098 1317 1371 1408 συγκραματικοός,
1397 1324 1433 1383 ἐκ
1454 1330 1510 1383 τοῦ

296 1478 298 1481 -
390 1427 566 1518 αὐτομάτου
592 1426 659 1491 κατ’
686 1416 817 1491 εἰδώλων
844 1427 1046 1516 πρόπτωσιν,
1072 1429 1159 1507 ὅταν,
1185 1428 1415 1518 ά-βουλόμεθα,
1442 1431 1510 1514 βλέ-

389 1561 503 1629 πωμεν,
520 1545 558 1614 ὼς
573 1540 695 1605 ἐπὶτῶν
709 1539 765 1614 τοὶς
779 1537 927 1628 ἐρωμένας
939 1545 1016 1627 ἔχειν
1028 1543 1058 1603 ἐν
1070 1539 1151 1622 ἱίπνῳ
1163 1541 1283 1629 γίνεται
1298 1547 1394 1605 Multa
1408 1548 1509 1623 utique

389 1657 571 1734 praescripta
585 1655 790 1715 incubantibus
806 1676 824 1713 a
838 1655 894 1714 diis
910 1657 1031 1716 medicis
1047 1657 1115 1714 data
1126 1656 1158 1713 in
1170 1656 1288 1733 templis
1301 1659 1509 1730 servabantur3

390 1769 466 1827 haud
481 1787 592 1844 paucae
607 1767 749 1825 eiusmodi
764 1733 969 1843 inscriptiones
991 1768 1022 1823 in
1041 1766 1139 1825 insula
1153 1767 1352 1829 Romanorum
1367 1770 1511 1833 Tiberina

390 1887 535 1959 repertae,
552 1897 627 1954 quae
642 1878 711 1938 olim
726 1878 757 1935 in
771 1880 880 1954 templo
889 1877 1059 1954 Aesculapii
1072 1878 1203 1950 fuerant,
1219 1880 1265 1938 vel
1281 1880 1368 1938 hodie
1383 1889 1494 1941 extant.

452 1993 517 2069 Age
529 1992 588 2048 iam
603 1991 641 2049 ad
655 1999 735 2048 vates
752 1997 781 2047 et
796 1990 974 2048 coniectores
989 1997 1171 2049 transeamus
1187 2008 1252 2061 eos,
1269 1991 1319 2067 qui
1334 1991 1371 2048 de
1386 1992 1509 2050 somniis

390 2103 578 2179 scripserunt.
602 2102 746 2161 Tabulam
762 2108 840 2160 certe
852 2101 1066 2176 interpretandi
1078 2119 1167 2160 causa
1177 2101 1418 2177 Lysimachus
1433 2121 1510 2161 com-

388 2222 535 2292 posuerat.
558 2214 637 2274 Plut.
650 2212 771 2272 Aristid.
786 2213 840 2272 27:
867 2203 907 2269 Ὀ
934 2195 967 2268 δὲ
993 2204 1153 2294 Φαληρεὺς
1179 2206 1381 2291 (Demetrius)
1408 2211 1440 2271 ἐν
1464 2218 1510 2290 τῷ

389 2317 546 2407 Σωκράτει
562 2319 632 2406 φησὶ
645 2315 838 2406 μνημονεύειν
849 2305 1031 2404 Ἀριστείδου
1044 2306 1240 2406 θυγατριδοῦν
1254 2310 1286 2380 εὖ
1298 2316 1384 2407 μάλα
1394 2318 1511 2390 πένητα

389 2426 579 2518 Λυσίμαχον,
606 2427 637 2503 ὃς
662 2427 769 2492 ἑαυτὸν
794 2431 829 2492 ἐκ
853 2427 988 2491 πινακίου
1014 2428 1093 2503 τινὸς
1115 2433 1342 2517 ὀνειροκριτικοῦ
1365 2430 1449 2518 παρά
1473 2431 1510 2494 τό

388 2538 530 2630 Ἰακχεῖον
550 2539 712 2630 λέγομενον
732 2530 932 2628 καθεζόμενος
953 2540 1067 2621 ἔβοσκε
1097 2544 1165 2604 Non
1185 2546 1313 2621 pertinet
1332 2548 1390 2605 huc
1406 2545 1510 2606 Clea-

387 2668 501 2737 g'oras.
535 2658 612 2717 Xen.
632 2658 717 2717 anab.
738 2659 810 2717 κν.
826 2659 858 2716 1:
881 2647 1038 2729 Ἐντεῦθεν
1060 2639 1238 2715 διέπλευσαν
1260 2656 1300 2727 εἰς
1321 2649 1511 2742 Λάμψακον·

388 2765 439 2828 καὶ
453 2766 575 2846 ἀπαντᾷ
589 2774 634 2845 τῷ
650 2762 824 2851 Ξενοφῶντι
839 2752 1019 2840 Εὐκλείδης,
1036 2760 1140 2850 μάντις
1152 2760 1312 2843 Φλιάσιος,
1327 2762 1510 2854 Κλεαγόρου

388 2876 462 2953 υἱός,
484 2884 540 2940 τοῦ
562 2875 603 2938 τά
622 2873 742 2939 ἐνύπνια
761 2878 792 2937 ἐν
811 2873 934 2956 Λυκείῳ
954 2873 1149 2963 γεγραφότος.
1187 2880 1276 2938 Hunc
1296 2880 1471 2959 Oleagoram
1490 2882 1510 2939 ii

388 2992 439 3067 qui
453 2992 567 3051 litteras
583 2991 713 3051 Graecas
729 2999 870 3062 tractant,
886 2992 1041 3068 pictorem,
1058 2991 1108 3066 qui
1124 2998 1231 3063 artem,
1246 2992 1326 3050 velut
1338 2990 1436 3071 Sillig.
1451 3001 1509 3052 cat.

387 3102 471 3161 artif.⁴
486 3122 515 3179 p.
532 3104 608 3175 470,
633 3103 803 3179 scriptorem
823 3110 954 3162 censent.
988 3102 1032 3162 Ut
1054 3102 1149 3178 pictor
1168 3104 1318 3173 euaderet,
1341 3104 1510 3164 infelicibus

387 3214 562 3272 coniecturis
576 3214 761 3273 indulserunt
777 3209 814 3293 (v.
828 3213 1040 3274 Schneiderum
1051 3215 1088 3272 ad
1099 3206 1201 3292 Xeni.
1240 3212 1273 3274 si
1287 3215 1368 3272 aliud
1378 3215 1510 3292 Lyceum

387 3332 476 3402 atque
488 3326 670 3384 Atheniense
689 3326 846 3396 diceretur,
868 3325 949 3384 urbis
969 3344 1076 3390 nomen
1090 3326 1236 3384 adiectum
1251 3307 1345 3397 esset3
1365 3326 1404 3385 de
1423 3328 1510 3386 huius

386 3444 483 3496 autem
494 3438 585 3513 Lycei
600 3438 723 3515 picturis
738 3437 813 3495 nihil
827 3437 963 3496 innotuit.
986 3438 1063 3495 Tum
1077 3437 1115 3495 ad
1130 3437 1308 3515 somniorum
1318 3436 1509 3515 interpretem

386 3548 433 3607 vel
446 3568 501 3624 per
514 3542 610 3607 vatem
627 3550 720 3607 filium
735 3548 933 3625 perducimur,
956 3547 1100 3623 siquidem
1120 3548 1172 3605 illa
1190 3567 1239 3606 ars
1259 3549 1424 3608 hereditate
1439 3568 1509 3626 qua·

386 3660 453 3718 dam
475 3680 494 3718 a
515 3667 598 3736 patre
620 3660 657 3717 ad
678 3660 756 3718 filios
781 3659 932 3718 transferri
955 3659 1077 3717 solebat.
1114 3660 1204 3734 Atqui
1230 3660 1262 3717 in
1283 3660 1509 3720 Atheniensium

385 3769 484 3846 Lyceo
504 3789 652 3847 uunquam
672 3770 873 3829 incubabatur.
903 3771 1006 3844 Itaque
1021 3762 1149 3846 Λυκαίῳ
1170 3767 1366 3829 εοιίίιοιὸοίι.
1383 3771 1508 3830 Theocr.

390 3883 416 3939 l.
436 3881 492 3939 121
511 3865 666 3967 (Λυκαῖον)
682 3874 748 3962 ὅρος
761 3884 817 3949 τῆς
832 3864 989 3962 ’Λρκαδίας
1004 3872 1114 3945 κληθὲν
1128 3875 1189 3938 ἀπὸ
1201 3871 1360 3949 Λυκάονος
1374 3884 1431 3940 τοῦ
1446 3875 1509 3940 Πε-

386 3988 517 4074 λασγοῦ,
537 3988 567 4048 ἐν
584 3978 607 4067 ᾧ
623 3995 764 4074 μαντεῖον
779 3984 888 4060 Πανός.
918 3993 1015 4067 Atque
1030 3992 1144 4052 solebat
1158 3991 1278 4050 Faunus
1292 3992 1415 4052 somniis
1435 3993 1509 4052 vali-

386 4100 493 4171 cinari,
514 4102 593 4160 velut
615 4103 765 4162 Troezene
786 4122 833 4178 ap.
853 4104 943 4161 Paus.
965 4104 993 4162 2.
1012 4104 1061 4163 32.
1083 4103 1116 4176 53
1138 4120 1213 4178 quse
1234 4102 1348 4160 somnia
1368 4121 1459 4177 quum
1477 4104 1508 4160 in

385 4212 565 4272 istiusmodi
585 4213 703 4291 templis
723 4214 886 4272 medicinae
909 4230 997 4272 causa
1011 4221 1040 4271 et
1054 4220 1174 4290 propter
1192 4212 1364 4289 religionem
1383 4214 1414 4271 iu
1434 4214 1508 4290 lapi·

385 4323 471 4384 dibus
492 4324 637 4383 chartisve
656 4324 778 4384 inscribi
799 4324 927 4381 solerent
941 4344 960 4381 a
974 4325 1174 4383 sacerdotibus
1192 4323 1224 4381 in
1239 4324 1374 4383 omnibus
1390 4324 1508 4401 templis

384 4434 576 4511 Aesculapio,
599 4436 638 4493 ab
657 4434 861 4492 incubantibus
876 4433 950 4510 ipsis
970 4435 1002 4493 in
1017 4434 1181 4511 Trophonii
1195 4433 1327 4505 oraculo,
1348 4432 1508 4512 Cleagoras

384 4544 532 4627 putandus
553 4552 599 4606 est
619 4546 675 4604 hoo
694 4563 812 4604 munere
831 4545 863 4604 in
877 4544 1065 4608 celeberrimo
1084 4546 1136 4605 illo
1151 4544 1246 4605 Fauni
1260 4544 1377 4604 oraculo
1391 4544 1507 4604 functus
