<?xml version="1.0" encoding="UTF-8"?>
<!DOCTYPE html PUBLIC "-//W3C//DTD XHTML 1.0 Transitional//EN"
    "http://www.w3.org/TR/xhtml1/DTD/xhtml1-transitional.dtd">
<html xmlns="http://www.w3.org/1999/xhtml" xml:lang="en" lang="en">
 <head>
  <title>
</title>
<meta http-equiv="Content-Type" content="text/html;charset=utf-8" />
  <meta name='ocr-system' content='tesseract 3.04.00' />
  <meta name='ocr-capabilities' content='ocr_page ocr_carea ocr_par ocr_line ocrx_word'/>
</head>
<body>
  <div class='ocr_page' id='page_1' title='image "./pamphletsonaris00porpgoog_0333.png"; bbox 0 0 3592 5400; ppageno 0'>
   <div class='ocr_carea' id='block_1_1' title="bbox 767 512 1465 577">
    <p class='ocr_par' dir='ltr' id='par_1_1' title="bbox 767 512 1465 577">
     <span class='ocr_line' id='line_1_1' title="bbox 767 512 1465 577; baseline -0.003 -1"><span class='ocrx_word' id='word_1_1' title='bbox 767 535 808 576; x_wconf 81' lang='lat' dir='ltr'>nu</span> <span class='ocrx_word' id='word_1_2' title='bbox 829 534 1036 577; x_wconf 67' lang='lat' dir='ltr'>omuourucs.</span> <span class='ocrx_word' id='word_1_3' title='bbox 1401 512 1465 576; x_wconf 77' lang='lat'>219.</span> 
     </span>
    </p>
   </div>
   <div class='ocr_carea' id='block_1_2' title="bbox 338 675 1464 885">
    <p class='ocr_par' dir='ltr' id='par_1_2' title="bbox 338 675 1464 885">
     <span class='ocr_line' id='line_1_2' title="bbox 338 675 1464 774; baseline -0.004 -24"><span class='ocrx_word' id='word_1_4' title='bbox 338 686 381 750; x_wconf 82' lang='grc' dir='ltr'>τοὶ</span> <span class='ocrx_word' id='word_1_5' title='bbox 396 684 475 774; x_wconf 80' lang='grc' dir='ltr'>μέσα</span> <span class='ocrx_word' id='word_1_6' title='bbox 486 694 549 748; x_wconf 87' lang='grc' dir='ltr'>τῶν</span> <span class='ocrx_word' id='word_1_7' title='bbox 563 675 650 765; x_wconf 79' lang='grc' dir='ltr'>ζῴων</span> <span class='ocrx_word' id='word_1_8' title='bbox 671 684 718 747; x_wconf 85' lang='grc' dir='ltr'>ἐπί</span> <span class='ocrx_word' id='word_1_9' title='bbox 736 704 772 746; x_wconf 81' lang='grc' dir='ltr'>τε</span> <span class='ocrx_word' id='word_1_10' title='bbox 786 692 844 772; x_wconf 77' lang='grc' dir='ltr'>γῆν</span> <span class='ocrx_word' id='word_1_11' title='bbox 860 683 912 745; x_wconf 88' lang='grc' dir='ltr'>καὶ</span> <span class='ocrx_word' id='word_1_12' title='bbox 927 683 976 745; x_wconf 83' lang='grc' dir='ltr'>ἐπὶ</span> <span class='ocrx_word' id='word_1_13' title='bbox 989 689 1043 745; x_wconf 73' lang='grc' dir='ltr'>τόν</span> <span class='ocrx_word' id='word_1_14' title='bbox 1057 682 1128 745; x_wconf 85' lang='grc' dir='ltr'>ὅλον</span> <span class='ocrx_word' id='word_1_15' title='bbox 1143 682 1265 770; x_wconf 74' lang='grc' dir='ltr'>οὐρανὸν</span> <span class='ocrx_word' id='word_1_16' title='bbox 1281 682 1397 770; x_wconf 74' lang='grc' dir='ltr'>ἐλαφρᾷ</span> <span class='ocrx_word' id='word_1_17' title='bbox 1411 704 1464 771; x_wconf 71' lang='lat' dir='ltr'>qve·</span> 
     </span>
     <span class='ocr_line' id='line_1_3' title="bbox 340 783 1464 885; baseline -0.003 -26"><span class='ocrx_word' id='word_1_18' title='bbox 340 796 454 885; x_wconf 78' lang='grc' dir='ltr'>ρίμενα</span> <span class='ocrx_word' id='word_1_19' title='bbox 467 796 553 883; x_wconf 74' lang='grc' dir='ltr'>ρ’ὑμῃ.</span> <span class='ocrx_word' id='word_1_20' title='bbox 584 792 630 857; x_wconf 82' lang='lat' dir='ltr'>Td</span> <span class='ocrx_word' id='word_1_21' title='bbox 645 783 679 856; x_wconf 74' lang='grc' dir='ltr'>δὲ</span> <span class='ocrx_word' id='word_1_22' title='bbox 694 783 806 867; x_wconf 72' lang='grc' dir='ltr'>ὓδατος</span> <span class='ocrx_word' id='word_1_23' title='bbox 819 791 958 882; x_wconf 85' lang='grc' dir='ltr'>πέμπτον</span> <span class='ocrx_word' id='word_1_24' title='bbox 973 790 1005 855; x_wconf 78' lang='grc' dir='ltr'>ὃν</span> <span class='ocrx_word' id='word_1_25' title='bbox 1019 789 1142 880; x_wconf 67' lang='grc' dir='ltr'>ἡμίθεον</span> <span class='ocrx_word' id='word_1_26' title='bbox 1158 789 1212 880; x_wconf 85' lang='grc' dir='ltr'>μὲν</span> <span class='ocrx_word' id='word_1_27' title='bbox 1224 791 1412 856; x_wconf 76' lang='grc' dir='ltr'>ἀπεικάσειεν</span> <span class='ocrx_word' id='word_1_28' title='bbox 1427 791 1464 857; x_wconf 80' lang='grc' dir='ltr'>ἄν</span> 
     </span>
    </p>
   </div>
   <div class='ocr_carea' id='block_1_3' title="bbox 339 897 1465 2322">
    <p class='ocr_par' dir='ltr' id='par_1_3' title="bbox 339 897 1465 2322">
     <span class='ocr_line' id='line_1_4' title="bbox 339 897 1463 994; baseline -0.003 -25"><span class='ocrx_word' id='word_1_29' title='bbox 339 930 409 981; x_wconf 89' lang='grc' dir='ltr'>τις..</span> <span class='ocrx_word' id='word_1_30' title='bbox 424 897 459 979; x_wconf 74' lang='grc' dir='ltr'>ἐξ</span> <span class='ocrx_word' id='word_1_31' title='bbox 473 908 567 968; x_wconf 59' lang='lat' dir='ltr'>adro&amp;</span> <span class='ocrx_word' id='word_1_32' title='bbox 583 904 632 987; x_wconf 82' lang='lat' dir='ltr'>(ex</span> <span class='ocrx_word' id='word_1_33' title='bbox 644 903 732 988; x_wconf 78' lang='lat' dir='ltr'>aqua)</span> <span class='ocrx_word' id='word_1_34' title='bbox 747 902 919 994; x_wconf 76' lang='grc' dir='ltr'>γεγονέναι,</span> <span class='ocrx_word' id='word_1_35' title='bbox 941 904 992 966; x_wconf 85' lang='grc' dir='ltr'>καὶ</span> <span class='ocrx_word' id='word_1_36' title='bbox 1005 901 1088 966; x_wconf 63' lang='grc' dir='ltr'>στῆτ’</span> <span class='ocrx_word' id='word_1_37' title='bbox 1103 899 1177 966; x_wconf 83' lang='grc' dir='ltr'>εἶναι</span> <span class='ocrx_word' id='word_1_38' title='bbox 1191 900 1267 966; x_wconf 82' lang='grc' dir='ltr'>ποτὲ</span> <span class='ocrx_word' id='word_1_39' title='bbox 1282 901 1336 992; x_wconf 82' lang='grc' dir='ltr'>μὲν</span> <span class='ocrx_word' id='word_1_40' title='bbox 1348 903 1463 992; x_wconf 83' lang='grc' dir='ltr'>ὁρώμε-</span> 
     </span>
     <span class='ocr_line' id='line_1_5' title="bbox 340 1004 1464 1103; baseline 0 -23"><span class='ocrx_word' id='word_1_41' title='bbox 340 1040 407 1097; x_wconf 90' lang='grc' dir='ltr'>νον,</span> <span class='ocrx_word' id='word_1_42' title='bbox 431 1014 545 1079; x_wconf 80' lang='grc' dir='ltr'>ἄλλοτε</span> <span class='ocrx_word' id='word_1_43' title='bbox 566 1004 600 1078; x_wconf 76' lang='grc' dir='ltr'>δὲ</span> <span class='ocrx_word' id='word_1_44' title='bbox 620 1011 809 1103; x_wconf 85' lang='grc' dir='ltr'>ἀποκροφθὲν</span> <span class='ocrx_word' id='word_1_45' title='bbox 832 1004 946 1085; x_wconf 75' lang='grc' dir='ltr'>ἄδηλον</span> <span class='ocrx_word' id='word_1_46' title='bbox 967 1014 1150 1103; x_wconf 71' lang='grc' dir='ltr'>γορνίμενον.</span> <span class='ocrx_word' id='word_1_47' title='bbox 1187 1022 1337 1096; x_wconf 80' lang='lat' dir='ltr'>Apparere</span> <span class='ocrx_word' id='word_1_48' title='bbox 1362 1039 1464 1080; x_wconf 85' lang='lat' dir='ltr'>omnes</span> 
     </span>
     <span class='ocr_line' id='line_1_6' title="bbox 339 1121 1462 1213; baseline -0.003 -22"><span class='ocrx_word' id='word_1_49' title='bbox 339 1134 409 1192; x_wconf 89' lang='lat' dir='ltr'>illos</span> <span class='ocrx_word' id='word_1_50' title='bbox 424 1133 496 1190; x_wconf 90' lang='lat' dir='ltr'>deos</span> <span class='ocrx_word' id='word_1_51' title='bbox 510 1131 676 1190; x_wconf 91' lang='lat' dir='ltr'>homiuibus</span> <span class='ocrx_word' id='word_1_52' title='bbox 691 1123 712 1196; x_wconf 79' lang='lat' dir='ltr'>i.</span> <span class='ocrx_word' id='word_1_53' title='bbox 727 1122 793 1188; x_wconf 75' lang='grc' dir='ltr'>καθ’</span> <span class='ocrx_word' id='word_1_54' title='bbox 809 1124 899 1188; x_wconf 81' lang='grc' dir='ltr'>ὕπνον</span> <span class='ocrx_word' id='word_1_55' title='bbox 915 1126 945 1188; x_wconf 82' lang='grc' dir='ltr'>ἐν</span> <span class='ocrx_word' id='word_1_56' title='bbox 961 1125 1165 1212; x_wconf 73' lang='grc' dir='ltr'>ὀνειροπολία,</span> <span class='ocrx_word' id='word_1_57' title='bbox 1180 1121 1200 1194; x_wconf 82' lang='grc' dir='ltr'>ἢ</span> <span class='ocrx_word' id='word_1_58' title='bbox 1217 1123 1298 1187; x_wconf 78' lang='grc' dir='ltr'>κατὰ</span> <span class='ocrx_word' id='word_1_59' title='bbox 1313 1124 1413 1213; x_wconf 75' lang='grc' dir='ltr'>φήμας</span> <span class='ocrx_word' id='word_1_60' title='bbox 1427 1147 1462 1188; x_wconf 89' lang='grc' dir='ltr'>τε</span> 
     </span>
     <span class='ocr_line' id='line_1_7' title="bbox 340 1232 1463 1326; baseline -0.002 -25"><span class='ocrx_word' id='word_1_61' title='bbox 340 1240 392 1301; x_wconf 83' lang='grc' dir='ltr'>καὶ</span> <span class='ocrx_word' id='word_1_62' title='bbox 407 1237 550 1326; x_wconf 74' lang='grc' dir='ltr'>μαντείας</span> <span class='ocrx_word' id='word_1_63' title='bbox 563 1237 743 1325; x_wconf 69' lang='grc' dir='ltr'>ὑγιαίνουσιν</span> <span class='ocrx_word' id='word_1_64' title='bbox 763 1233 783 1307; x_wconf 80' lang='grc' dir='ltr'>ἢ</span> <span class='ocrx_word' id='word_1_65' title='bbox 803 1237 855 1298; x_wconf 89' lang='grc' dir='ltr'>καὶ</span> <span class='ocrx_word' id='word_1_66' title='bbox 874 1234 1036 1324; x_wconf 74' lang='grc' dir='ltr'>κάμνουσιν</span> <span class='ocrx_word' id='word_1_67' title='bbox 1054 1232 1073 1305; x_wconf 78' lang='grc' dir='ltr'>ἢ</span> <span class='ocrx_word' id='word_1_68' title='bbox 1089 1236 1140 1297; x_wconf 89' lang='grc' dir='ltr'>καὶ</span> <span class='ocrx_word' id='word_1_69' title='bbox 1154 1238 1283 1319; x_wconf 65' lang='grc' dir='ltr'>τελευτῇ</span> <span class='ocrx_word' id='word_1_70' title='bbox 1298 1235 1371 1318; x_wconf 86' lang='grc' dir='ltr'>βίου.</span> <span class='ocrx_word' id='word_1_71' title='bbox 1400 1240 1463 1319; x_wconf 89' lang='lat' dir='ltr'>Op·</span> 
     </span>
     <span class='ocr_line' id='line_1_8' title="bbox 340 1344 1463 1433; baseline -0.003 -21"><span class='ocrx_word' id='word_1_72' title='bbox 340 1354 424 1431; x_wconf 90' lang='lat' dir='ltr'>ponit</span> <span class='ocrx_word' id='word_1_73' title='bbox 443 1362 541 1411; x_wconf 85' lang='lat' dir='ltr'>tamen</span> <span class='ocrx_word' id='word_1_74' title='bbox 561 1353 610 1411; x_wconf 92' lang='lat' dir='ltr'>his</span> <span class='ocrx_word' id='word_1_75' title='bbox 628 1353 798 1411; x_wconf 85' lang='lat' dir='ltr'>numinibus</span> <span class='ocrx_word' id='word_1_76' title='bbox 818 1347 889 1419; x_wconf 79' lang='grc' dir='ltr'>τοὺς</span> <span class='ocrx_word' id='word_1_77' title='bbox 909 1345 1002 1420; x_wconf 82' lang='grc' dir='ltr'>ὄντος</span> <span class='ocrx_word' id='word_1_78' title='bbox 1020 1351 1091 1433; x_wconf 71' lang='grc' dir='ltr'>ἡμῖν</span> <span class='ocrx_word' id='word_1_79' title='bbox 1110 1345 1251 1433; x_wconf 81' lang='grc' dir='ltr'>φανεροὺς</span> <span class='ocrx_word' id='word_1_80' title='bbox 1265 1344 1353 1420; x_wconf 85' lang='grc' dir='ltr'>ὄντας</span> <span class='ocrx_word' id='word_1_81' title='bbox 1368 1345 1463 1428; x_wconf 81' lang='grc' dir='ltr'>θεούς,</span> 
     </span>
     <span class='ocr_line' id='line_1_9' title="bbox 341 1462 1463 1541; baseline -0.001 -19"><span class='ocrx_word' id='word_1_82' title='bbox 341 1465 452 1534; x_wconf 90' lang='lat' dir='ltr'>sidera,</span> <span class='ocrx_word' id='word_1_83' title='bbox 471 1465 515 1521; x_wconf 88' lang='lat' dir='ltr'>ita</span> <span class='ocrx_word' id='word_1_84' title='bbox 534 1472 566 1521; x_wconf 91' lang='lat' dir='ltr'>ut</span> <span class='ocrx_word' id='word_1_85' title='bbox 585 1462 742 1541; x_wconf 85' lang='lat' dir='ltr'>significet,</span> <span class='ocrx_word' id='word_1_86' title='bbox 764 1482 796 1520; x_wconf 89' lang='lat' dir='ltr'>se</span> <span class='ocrx_word' id='word_1_87' title='bbox 816 1463 870 1520; x_wconf 92' lang='lat' dir='ltr'>hoc</span> <span class='ocrx_word' id='word_1_88' title='bbox 889 1479 1004 1538; x_wconf 90' lang='lat' dir='ltr'>quoque</span> <span class='ocrx_word' id='word_1_89' title='bbox 1024 1462 1088 1520; x_wconf 85' lang='lat' dir='ltr'>loco</span> <span class='ocrx_word' id='word_1_90' title='bbox 1107 1463 1189 1520; x_wconf 87' lang='lat' dir='ltr'>illam</span> <span class='ocrx_word' id='word_1_91' title='bbox 1208 1462 1378 1539; x_wconf 82' lang='lat' dir='ltr'>religionem</span> <span class='ocrx_word' id='word_1_92' title='bbox 1396 1483 1463 1540; x_wconf 83' lang='lat' dir='ltr'>peu·</span> 
     </span>
     <span class='ocr_line' id='line_1_10' title="bbox 341 1572 1463 1649; baseline 0 -17"><span class='ocrx_word' id='word_1_93' title='bbox 341 1575 459 1632; x_wconf 85' lang='lat' dir='ltr'>mittere</span> <span class='ocrx_word' id='word_1_94' title='bbox 473 1575 590 1649; x_wconf 88' lang='lat' dir='ltr'>quidem</span> <span class='ocrx_word' id='word_1_95' title='bbox 605 1573 755 1631; x_wconf 89' lang='lat' dir='ltr'>homiuum</span> <span class='ocrx_word' id='word_1_96' title='bbox 770 1572 972 1649; x_wconf 83' lang='lat' dir='ltr'>opinionibus,</span> <span class='ocrx_word' id='word_1_97' title='bbox 988 1572 1045 1630; x_wconf 91' lang='lat' dir='ltr'>sibi</span> <span class='ocrx_word' id='word_1_98' title='bbox 1061 1581 1157 1630; x_wconf 69' lang='lat' dir='ltr'>minen</span> <span class='ocrx_word' id='word_1_99' title='bbox 1172 1573 1242 1632; x_wconf 88' lang='lat' dir='ltr'>deos</span> <span class='ocrx_word' id='word_1_100' title='bbox 1257 1592 1316 1632; x_wconf 90' lang='lat' dir='ltr'>uon</span> <span class='ocrx_word' id='word_1_101' title='bbox 1328 1593 1393 1632; x_wconf 89' lang='lat' dir='ltr'>esse</span> <span class='ocrx_word' id='word_1_102' title='bbox 1405 1574 1463 1632; x_wconf 89' lang='lat' dir='ltr'>nisi</span> 
     </span>
     <span class='ocr_line' id='line_1_11' title="bbox 342 1683 1465 1744; baseline -0.001 0"><span class='ocrx_word' id='word_1_103' title='bbox 342 1693 502 1744; x_wconf 78' lang='lat' dir='ltr'>creatorem</span> <span class='ocrx_word' id='word_1_104' title='bbox 516 1693 546 1742; x_wconf 88' lang='lat' dir='ltr'>et</span> <span class='ocrx_word' id='word_1_105' title='bbox 560 1685 673 1742; x_wconf 86' lang='lat' dir='ltr'>animas</span> <span class='ocrx_word' id='word_1_106' title='bbox 689 1685 826 1742; x_wconf 89' lang='lat' dir='ltr'>siderum.</span> <span class='ocrx_word' id='word_1_107' title='bbox 857 1684 915 1742; x_wconf 92' lang='lat' dir='ltr'>llic</span> <span class='ocrx_word' id='word_1_108' title='bbox 929 1683 997 1741; x_wconf 89' lang='lat' dir='ltr'>finis</span> <span class='ocrx_word' id='word_1_109' title='bbox 1011 1683 1160 1740; x_wconf 90' lang='lat' dir='ltr'>doctrinae</span> <span class='ocrx_word' id='word_1_110' title='bbox 1174 1684 1359 1742; x_wconf 86' lang='lat' dir='ltr'>Platonicae:</span> <span class='ocrx_word' id='word_1_111' title='bbox 1376 1693 1465 1743; x_wconf 86' lang='lat' dir='ltr'>antea</span> 
     </span>
     <span class='ocr_line' id='line_1_12' title="bbox 342 1794 1463 1872; baseline -0.001 -17"><span class='ocrx_word' id='word_1_112' title='bbox 342 1798 416 1855; x_wconf 87' lang='lat' dir='ltr'>alias</span> <span class='ocrx_word' id='word_1_113' title='bbox 431 1796 573 1872; x_wconf 87' lang='lat' dir='ltr'>quasdam</span> <span class='ocrx_word' id='word_1_114' title='bbox 589 1802 753 1853; x_wconf 77' lang='lat' dir='ltr'>tentaverat</span> <span class='ocrx_word' id='word_1_115' title='bbox 766 1795 894 1852; x_wconf 88' lang='lat' dir='ltr'>rationes</span> <span class='ocrx_word' id='word_1_116' title='bbox 907 1794 1080 1869; x_wconf 86' lang='lat' dir='ltr'>explicandi,</span> <span class='ocrx_word' id='word_1_117' title='bbox 1096 1812 1171 1868; x_wconf 87' lang='lat' dir='ltr'>quae</span> <span class='ocrx_word' id='word_1_118' title='bbox 1182 1795 1279 1852; x_wconf 90' lang='lat' dir='ltr'>media</span> <span class='ocrx_word' id='word_1_119' title='bbox 1289 1795 1367 1853; x_wconf 91' lang='lat' dir='ltr'>iuter</span> <span class='ocrx_word' id='word_1_120' title='bbox 1377 1797 1463 1856; x_wconf 89' lang='lat' dir='ltr'>deum</span> 
     </span>
     <span class='ocr_line' id='line_1_13' title="bbox 343 1890 1462 1983; baseline 0 -18"><span class='ocrx_word' id='word_1_121' title='bbox 343 1916 370 1964; x_wconf 89' lang='lat' dir='ltr'>ct</span> <span class='ocrx_word' id='word_1_122' title='bbox 390 1907 525 1965; x_wconf 90' lang='lat' dir='ltr'>homines</span> <span class='ocrx_word' id='word_1_123' title='bbox 541 1907 601 1964; x_wconf 89' lang='lat' dir='ltr'>siut</span> <span class='ocrx_word' id='word_1_124' title='bbox 615 1906 790 1976; x_wconf 88' lang='lat' dir='ltr'>animantia,</span> <span class='ocrx_word' id='word_1_125' title='bbox 812 1890 891 1980; x_wconf 80' lang='grc' dir='ltr'>ζῷα,</span> <span class='ocrx_word' id='word_1_126' title='bbox 912 1913 944 1960; x_wconf 93' lang='lat' dir='ltr'>ut</span> <span class='ocrx_word' id='word_1_127' title='bbox 958 1904 1008 1962; x_wconf 89' lang='lat' dir='ltr'>ait.</span> <span class='ocrx_word' id='word_1_128' title='bbox 1038 1906 1079 1962; x_wconf 85' lang='lat' dir='ltr'>Et</span> <span class='ocrx_word' id='word_1_129' title='bbox 1092 1904 1220 1962; x_wconf 83' lang='lat' dir='ltr'>Phaedri</span> <span class='ocrx_word' id='word_1_130' title='bbox 1236 1905 1352 1980; x_wconf 88' lang='lat' dir='ltr'>quidem</span> <span class='ocrx_word' id='word_1_131' title='bbox 1367 1908 1462 1983; x_wconf 87' lang='lat' dir='ltr'>capite</span> 
     </span>
     <span class='ocr_line' id='line_1_14' title="bbox 343 2015 1460 2094; baseline 0 -18"><span class='ocrx_word' id='word_1_132' title='bbox 343 2019 380 2076; x_wconf 78' lang='grc'>56</span> <span class='ocrx_word' id='word_1_133' title='bbox 396 2039 426 2094; x_wconf 88' lang='lat' dir='ltr'>p.</span> <span class='ocrx_word' id='word_1_134' title='bbox 445 2019 505 2075; x_wconf 72' lang='lat'>246</span> <span class='ocrx_word' id='word_1_135' title='bbox 517 2036 544 2088; x_wconf 93' lang='lat' dir='ltr'>e,</span> <span class='ocrx_word' id='word_1_136' title='bbox 560 2026 593 2074; x_wconf 89' lang='lat' dir='ltr'>ut</span> <span class='ocrx_word' id='word_1_137' title='bbox 606 2015 793 2093; x_wconf 83' lang='lat' dir='ltr'>Pythagorei,</span> <span class='ocrx_word' id='word_1_138' title='bbox 808 2016 965 2074; x_wconf 88' lang='lat' dir='ltr'>daemones</span> <span class='ocrx_word' id='word_1_139' title='bbox 980 2034 1046 2073; x_wconf 88' lang='lat' dir='ltr'>esse</span> <span class='ocrx_word' id='word_1_140' title='bbox 1060 2016 1172 2074; x_wconf 88' lang='lat' dir='ltr'>animas</span> <span class='ocrx_word' id='word_1_141' title='bbox 1189 2017 1337 2074; x_wconf 88' lang='lat' dir='ltr'>hominum</span> <span class='ocrx_word' id='word_1_142' title='bbox 1352 2026 1460 2089; x_wconf 88' lang='lat' dir='ltr'>censet,</span> 
     </span>
     <span class='ocr_line' id='line_1_15' title="bbox 342 2125 1460 2205; baseline 0.001 -19"><span class='ocrx_word' id='word_1_143' title='bbox 342 2130 443 2205; x_wconf 89' lang='lat' dir='ltr'>quales</span> <span class='ocrx_word' id='word_1_144' title='bbox 463 2140 533 2185; x_wconf 89' lang='lat' dir='ltr'>ante</span> <span class='ocrx_word' id='word_1_145' title='bbox 554 2129 725 2186; x_wconf 83' lang='lat' dir='ltr'>descensum</span> <span class='ocrx_word' id='word_1_146' title='bbox 745 2126 806 2185; x_wconf 91' lang='lat' dir='ltr'>siut</span> <span class='ocrx_word' id='word_1_147' title='bbox 826 2134 856 2184; x_wconf 88' lang='lat' dir='ltr'>ct</span> <span class='ocrx_word' id='word_1_148' title='bbox 875 2135 943 2202; x_wconf 88' lang='lat' dir='ltr'>post</span> <span class='ocrx_word' id='word_1_149' title='bbox 961 2143 1118 2185; x_wconf 89' lang='lat' dir='ltr'>recessum.</span> <span class='ocrx_word' id='word_1_150' title='bbox 1153 2127 1188 2184; x_wconf 92' lang='lat' dir='ltr'>Iu</span> <span class='ocrx_word' id='word_1_151' title='bbox 1210 2125 1322 2204; x_wconf 84' lang='lat' dir='ltr'>Oratyli</span> <span class='ocrx_word' id='word_1_152' title='bbox 1340 2146 1403 2204; x_wconf 89' lang='lat' dir='ltr'>cap.</span> <span class='ocrx_word' id='word_1_153' title='bbox 1424 2131 1460 2188; x_wconf 87' lang='grc'>16</span> 
     </span>
     <span class='ocr_line' id='line_1_16' title="bbox 342 2220 1460 2322; baseline -0.003 -23"><span class='ocrx_word' id='word_1_154' title='bbox 342 2260 369 2316; x_wconf 90' lang='lat' dir='ltr'>p.</span> <span class='ocrx_word' id='word_1_155' title='bbox 386 2241 448 2299; x_wconf 74' lang='lat'>398</span> <span class='ocrx_word' id='word_1_156' title='bbox 464 2258 496 2309; x_wconf 86' lang='lat' dir='ltr'>c,</span> <span class='ocrx_word' id='word_1_157' title='bbox 510 2239 650 2298; x_wconf 79' lang='lat' dir='ltr'>stabulis</span> <span class='ocrx_word' id='word_1_158' title='bbox 664 2238 794 2312; x_wconf 78' lang='lat' dir='ltr'>antiquis</span> <span class='ocrx_word' id='word_1_159' title='bbox 809 2238 972 2314; x_wconf 83' lang='lat' dir='ltr'>profectus,</span> <span class='ocrx_word' id='word_1_160' title='bbox 987 2229 1074 2294; x_wconf 83' lang='grc' dir='ltr'>πάντ’</span> <span class='ocrx_word' id='word_1_161' title='bbox 1085 2220 1193 2320; x_wconf 71' lang='grc' dir='ltr'>ἄνδρα,</span> <span class='ocrx_word' id='word_1_162' title='bbox 1209 2230 1240 2306; x_wconf 83' lang='grc' dir='ltr'>ὃς</span> <span class='ocrx_word' id='word_1_163' title='bbox 1251 2230 1287 2294; x_wconf 83' lang='grc' dir='ltr'>ἂν</span> <span class='ocrx_word' id='word_1_164' title='bbox 1303 2231 1416 2322; x_wconf 65' lang='grc' dir='ltr'>ἀγαθὸς</span> <span class='ocrx_word' id='word_1_165' title='bbox 1429 2226 1460 2321; x_wconf 75' lang='grc' dir='ltr'>ᾖ,</span> 
     </span>
    </p>
   </div>
   <div class='ocr_carea' id='block_1_4' title="bbox 668 2334 1462 2434">
    <p class='ocr_par' dir='ltr' id='par_1_4' title="bbox 668 2334 1462 2434">
     <span class='ocr_line' id='line_1_17' title="bbox 668 2334 1462 2434; baseline 0.005 -30"><span class='ocrx_word' id='word_1_166' title='bbox 668 2334 769 2417; x_wconf 78' lang='grc' dir='ltr'>ζῶντα</span> <span class='ocrx_word' id='word_1_167' title='bbox 783 2344 834 2405; x_wconf 90' lang='grc' dir='ltr'>καὶ</span> <span class='ocrx_word' id='word_1_168' title='bbox 848 2342 1074 2414; x_wconf 66' lang='grc' dir='ltr'>τελευτήσαντα</span> <span class='ocrx_word' id='word_1_169' title='bbox 1088 2344 1140 2406; x_wconf 89' lang='grc' dir='ltr'>καὶ</span> <span class='ocrx_word' id='word_1_170' title='bbox 1154 2341 1247 2431; x_wconf 80' lang='grc' dir='ltr'><strong>ὀρθῶς</strong></span> <span class='ocrx_word' id='word_1_171' title='bbox 1261 2334 1392 2434; x_wconf 71' lang='grc' dir='ltr'>δαίμονα</span> <span class='ocrx_word' id='word_1_172' title='bbox 1406 2368 1462 2408; x_wconf 92' lang='grc' dir='ltr'>κα-</span> 
     </span>
    </p>
   </div>
   <div class='ocr_carea' id='block_1_5' title="bbox 337 2335 1525 4531">
    <p class='ocr_par' dir='ltr' id='par_1_5' title="bbox 337 2335 1525 4531">
     <span class='ocr_line' id='line_1_18' title="bbox 344 2335 653 2433; baseline -0.006 -26"><span class='ocrx_word' id='word_1_173' title='bbox 344 2335 496 2433; x_wconf 68' lang='grc' dir='ltr'>λαιμόνιον</span> <span class='ocrx_word' id='word_1_174' title='bbox 511 2340 586 2407; x_wconf 84' lang='grc' dir='ltr'>εἶναι</span> <span class='ocrx_word' id='word_1_175' title='bbox 601 2345 653 2405; x_wconf 88' lang='grc' dir='ltr'>καὶ</span> 
     </span>
     <span class='ocr_line' id='line_1_19' title="bbox 343 2453 1461 2536; baseline 0 -17"><span class='ocrx_word' id='word_1_176' title='bbox 343 2453 455 2520; x_wconf 71' lang='lat' dir='ltr'>urata</span> <span class='ocrx_word' id='word_1_177' title='bbox 469 2461 520 2518; x_wconf 92' lang='lat' dir='ltr'>ait.</span> <span class='ocrx_word' id='word_1_178' title='bbox 549 2459 614 2518; x_wconf 83' lang='lat' dir='ltr'>llas</span> <span class='ocrx_word' id='word_1_179' title='bbox 628 2460 693 2519; x_wconf 89' lang='lat' dir='ltr'>siue</span> <span class='ocrx_word' id='word_1_180' title='bbox 707 2459 794 2518; x_wconf 91' lang='lat' dir='ltr'>dubio</span> <span class='ocrx_word' id='word_1_181' title='bbox 809 2459 930 2534; x_wconf 82' lang='lat' dir='ltr'>perlecti</span> <span class='ocrx_word' id='word_1_182' title='bbox 945 2459 1112 2536; x_wconf 86' lang='lat' dir='ltr'>philosophi</span> <span class='ocrx_word' id='word_1_183' title='bbox 1125 2460 1255 2531; x_wconf 89' lang='lat' dir='ltr'>animas,</span> <span class='ocrx_word' id='word_1_184' title='bbox 1271 2478 1346 2536; x_wconf 88' lang='lat' dir='ltr'>quae</span> <span class='ocrx_word' id='word_1_185' title='bbox 1357 2462 1461 2519; x_wconf 86' lang='lat' dir='ltr'>diviui-</span> 
     </span>
     <span class='ocr_line' id='line_1_20' title="bbox 343 2570 1525 2648; baseline 0 -18"><span class='ocrx_word' id='word_1_186' title='bbox 343 2580 429 2630; x_wconf 88' lang='lat' dir='ltr'>tatem</span> <span class='ocrx_word' id='word_1_187' title='bbox 445 2572 622 2641; x_wconf 88' lang='lat' dir='ltr'>intueantur,</span> <span class='ocrx_word' id='word_1_188' title='bbox 637 2571 797 2630; x_wconf 85' lang='lat' dir='ltr'>arbitratus</span> <span class='ocrx_word' id='word_1_189' title='bbox 811 2577 870 2640; x_wconf 74' lang='lat' dir='ltr'>est,</span> <span class='ocrx_word' id='word_1_190' title='bbox 888 2571 991 2628; x_wconf 88' lang='lat' dir='ltr'>heroes</span> <span class='ocrx_word' id='word_1_191' title='bbox 1003 2578 1100 2627; x_wconf 75' lang='lat' dir='ltr'>autam</span> <span class='ocrx_word' id='word_1_192' title='bbox 1112 2570 1173 2628; x_wconf 88' lang='lat' dir='ltr'>sive</span> <span class='ocrx_word' id='word_1_193' title='bbox 1184 2570 1329 2629; x_wconf 84' lang='lat' dir='ltr'>semideos</span> <span class='ocrx_word' id='word_1_194' title='bbox 1344 2573 1461 2648; x_wconf 90' lang='lat' dir='ltr'>prodire</span> <span class='ocrx_word' id='word_1_195' title='bbox 1522 2590 1525 2595; x_wconf 88' lang='lat'>·</span> 
     </span>
     <span class='ocr_line' id='line_1_21' title="bbox 342 2680 1461 2760; baseline 0 -17"><span class='ocrx_word' id='word_1_196' title='bbox 342 2684 411 2743; x_wconf 87' lang='lat' dir='ltr'>dicit</span> <span class='ocrx_word' id='word_1_197' title='bbox 425 2703 525 2742; x_wconf 89' lang='lat' dir='ltr'>eorum</span> <span class='ocrx_word' id='word_1_198' title='bbox 539 2681 690 2741; x_wconf 89' lang='lat' dir='ltr'>hominum</span> <span class='ocrx_word' id='word_1_199' title='bbox 704 2680 831 2751; x_wconf 87' lang='lat' dir='ltr'>animas,</span> <span class='ocrx_word' id='word_1_200' title='bbox 847 2681 897 2757; x_wconf 90' lang='lat' dir='ltr'>qui</span> <span class='ocrx_word' id='word_1_201' title='bbox 912 2681 943 2738; x_wconf 93' lang='lat' dir='ltr'>in</span> <span class='ocrx_word' id='word_1_202' title='bbox 959 2680 1045 2740; x_wconf 90' lang='lat' dir='ltr'>terris</span> <span class='ocrx_word' id='word_1_203' title='bbox 1060 2680 1258 2740; x_wconf 86' lang='lat' dir='ltr'>meditationis</span> <span class='ocrx_word' id='word_1_204' title='bbox 1273 2683 1461 2760; x_wconf 83' lang='lat' dir='ltr'>veritatisque</span> 
     </span>
     <span class='ocr_line' id='line_1_22' title="bbox 342 2788 1460 2870; baseline -0.001 -16"><span class='ocrx_word' id='word_1_205' title='bbox 342 2795 465 2854; x_wconf 82' lang='lat' dir='ltr'>studiosi</span> <span class='ocrx_word' id='word_1_206' title='bbox 484 2814 537 2870; x_wconf 89' lang='lat' dir='ltr'>pro</span> <span class='ocrx_word' id='word_1_207' title='bbox 558 2794 668 2853; x_wconf 91' lang='lat' dir='ltr'>viribus</span> <span class='ocrx_word' id='word_1_208' title='bbox 688 2794 720 2851; x_wconf 92' lang='lat' dir='ltr'>iu</span> <span class='ocrx_word' id='word_1_209' title='bbox 739 2801 819 2850; x_wconf 89' lang='lat' dir='ltr'>artes</span> <span class='ocrx_word' id='word_1_210' title='bbox 840 2804 870 2849; x_wconf 88' lang='lat' dir='ltr'>et</span> <span class='ocrx_word' id='word_1_211' title='bbox 890 2792 1004 2851; x_wconf 86' lang='lat' dir='ltr'>litteras</span> <span class='ocrx_word' id='word_1_212' title='bbox 1030 2793 1245 2869; x_wconf 86' lang='lat' dir='ltr'>inquisiveriut.</span> <span class='ocrx_word' id='word_1_213' title='bbox 1279 2788 1315 2853; x_wconf 93' lang='lat' dir='ltr'>Iu</span> <span class='ocrx_word' id='word_1_214' title='bbox 1333 2795 1460 2854; x_wconf 86' lang='lat' dir='ltr'>Politice</span> 
     </span>
     <span class='ocr_line' id='line_1_23' title="bbox 342 2904 1461 2982; baseline 0 -17"><span class='ocrx_word' id='word_1_215' title='bbox 342 2907 398 2967; x_wconf 79' lang='lat'>271</span> <span class='ocrx_word' id='word_1_216' title='bbox 412 2907 433 2963; x_wconf 95' lang='lat' dir='ltr'>d</span> <span class='ocrx_word' id='word_1_217' title='bbox 447 2905 636 2982; x_wconf 82' lang='lat' dir='ltr'>Empedoclis</span> <span class='ocrx_word' id='word_1_218' title='bbox 655 2904 769 2962; x_wconf 86' lang='lat' dir='ltr'>ratione</span> <span class='ocrx_word' id='word_1_219' title='bbox 783 2911 945 2980; x_wconf 86' lang='lat' dir='ltr'>potestates</span> <span class='ocrx_word' id='word_1_220' title='bbox 965 2904 1106 2980; x_wconf 88' lang='lat' dir='ltr'>quasdam</span> <span class='ocrx_word' id='word_1_221' title='bbox 1125 2905 1221 2982; x_wconf 92' lang='lat' dir='ltr'>pouit,</span> <span class='ocrx_word' id='word_1_222' title='bbox 1242 2906 1348 2981; x_wconf 90' lang='lat' dir='ltr'>quibus</span> <span class='ocrx_word' id='word_1_223' title='bbox 1363 2926 1461 2965; x_wconf 85' lang='lat' dir='ltr'>rerum</span> 
     </span>
     <span class='ocr_line' id='line_1_24' title="bbox 340 3015 1461 3095; baseline 0.004 -21"><span class='ocrx_word' id='word_1_224' title='bbox 340 3027 462 3076; x_wconf 89' lang='lat' dir='ltr'>naturae</span> <span class='ocrx_word' id='word_1_225' title='bbox 480 3025 580 3092; x_wconf 89' lang='lat' dir='ltr'>partes</span> <span class='ocrx_word' id='word_1_226' title='bbox 600 3023 798 3092; x_wconf 89' lang='lat' dir='ltr'>etcorporum</span> <span class='ocrx_word' id='word_1_227' title='bbox 819 3015 976 3074; x_wconf 91' lang='lat' dir='ltr'>viventium</span> <span class='ocrx_word' id='word_1_228' title='bbox 993 3035 1102 3093; x_wconf 81' lang='lat' dir='ltr'>genera</span> <span class='ocrx_word' id='word_1_229' title='bbox 1116 3025 1263 3095; x_wconf 84' lang='lat' dir='ltr'>regantur.</span> <span class='ocrx_word' id='word_1_230' title='bbox 1292 3018 1328 3075; x_wconf 93' lang='lat' dir='ltr'>Iu</span> <span class='ocrx_word' id='word_1_231' title='bbox 1343 3020 1461 3078; x_wconf 88' lang='lat' dir='ltr'>saeculo</span> 
     </span>
     <span class='ocr_line' id='line_1_25' title="bbox 340 3111 1461 3211; baseline 0.002 -25"><span class='ocrx_word' id='word_1_232' title='bbox 340 3147 442 3197; x_wconf 87' lang='lat' dir='ltr'>aureo,</span> <span class='ocrx_word' id='word_1_233' title='bbox 463 3127 572 3202; x_wconf 88' lang='lat' dir='ltr'>iuquit,</span> <span class='ocrx_word' id='word_1_234' title='bbox 593 3126 613 3185; x_wconf 94' lang='lat' dir='ltr'>i.</span> <span class='ocrx_word' id='word_1_235' title='bbox 635 3147 660 3185; x_wconf 91' lang='lat' dir='ltr'>e.</span> <span class='ocrx_word' id='word_1_236' title='bbox 677 3127 708 3183; x_wconf 93' lang='lat' dir='ltr'>in</span> <span class='ocrx_word' id='word_1_237' title='bbox 727 3127 827 3184; x_wconf 90' lang='lat' dir='ltr'>muudi</span> <span class='ocrx_word' id='word_1_238' title='bbox 847 3126 1029 3203; x_wconf 84' lang='lat' dir='ltr'>primordiis,</span> <span class='ocrx_word' id='word_1_239' title='bbox 1057 3111 1195 3210; x_wconf 74' lang='grc' dir='ltr'>δαίμονες</span> <span class='ocrx_word' id='word_1_240' title='bbox 1215 3112 1406 3211; x_wconf 75' lang='grc' dir='ltr'>διειλήφεσαν</span> <span class='ocrx_word' id='word_1_241' title='bbox 1420 3124 1461 3188; x_wconf 86' lang='grc' dir='ltr'>τά</span> 
     </span>
     <span class='ocr_line' id='line_1_26' title="bbox 340 3224 1461 3321; baseline 0.002 -26"><span class='ocrx_word' id='word_1_242' title='bbox 340 3224 404 3316; x_wconf 80' lang='grc' dir='ltr'>ζῷα</span> <span class='ocrx_word' id='word_1_243' title='bbox 425 3232 507 3295; x_wconf 83' lang='grc' dir='ltr'>κατὰ</span> <span class='ocrx_word' id='word_1_244' title='bbox 526 3231 599 3320; x_wconf 70' lang='grc' dir='ltr'>γένη</span> <span class='ocrx_word' id='word_1_245' title='bbox 619 3233 671 3294; x_wconf 82' lang='grc' dir='ltr'>καὶ</span> <span class='ocrx_word' id='word_1_246' title='bbox 689 3229 801 3321; x_wconf 73' lang='grc' dir='ltr'>ἀγέλας</span> <span class='ocrx_word' id='word_1_247' title='bbox 822 3226 883 3294; x_wconf 83' lang='grc' dir='ltr'>οἷον</span> <span class='ocrx_word' id='word_1_248' title='bbox 903 3241 995 3319; x_wconf 74' lang='grc' dir='ltr'>νομῆς</span> <span class='ocrx_word' id='word_1_249' title='bbox 1015 3230 1104 3312; x_wconf 79' lang='grc' dir='ltr'>θεῖοι,</span> <span class='ocrx_word' id='word_1_250' title='bbox 1131 3231 1281 3318; x_wconf 83' lang='grc' dir='ltr'>αὐτάρκης</span> <span class='ocrx_word' id='word_1_251' title='bbox 1301 3239 1341 3306; x_wconf 88' lang='grc' dir='ltr'>εἰς</span> <span class='ocrx_word' id='word_1_252' title='bbox 1359 3233 1461 3299; x_wconf 77' lang='grc' dir='ltr'>πάντα</span> 
     </span>
     <span class='ocr_line' id='line_1_27' title="bbox 341 3337 1459 3429; baseline 0.002 -24"><span class='ocrx_word' id='word_1_253' title='bbox 341 3343 465 3416; x_wconf 82' lang='grc' dir='ltr'>ἕκαστος</span> <span class='ocrx_word' id='word_1_254' title='bbox 485 3341 621 3416; x_wconf 80' lang='grc' dir='ltr'>ἑκάστοις</span> <span class='ocrx_word' id='word_1_255' title='bbox 641 3343 696 3421; x_wconf 86' lang='grc' dir='ltr'>ὤν,</span> <span class='ocrx_word' id='word_1_256' title='bbox 719 3337 761 3417; x_wconf 84' lang='grc' dir='ltr'>οἷς</span> <span class='ocrx_word' id='word_1_257' title='bbox 782 3341 872 3414; x_wconf 76' lang='grc' dir='ltr'>αὐτὸς</span> <span class='ocrx_word' id='word_1_258' title='bbox 887 3347 996 3429; x_wconf 79' lang='grc' dir='ltr'>ἔνεμεν.</span> <span class='ocrx_word' id='word_1_259' title='bbox 1028 3348 1120 3425; x_wconf 85' lang='lat' dir='ltr'>Legg.</span> <span class='ocrx_word' id='word_1_260' title='bbox 1137 3350 1167 3418; x_wconf 87' lang='lat'>4,</span> <span class='ocrx_word' id='word_1_261' title='bbox 1184 3350 1202 3406; x_wconf 87' lang='grc'><strong>6</strong></span> <span class='ocrx_word' id='word_1_262' title='bbox 1217 3369 1246 3424; x_wconf 86' lang='lat' dir='ltr'>p.</span> <span class='ocrx_word' id='word_1_263' title='bbox 1264 3350 1323 3407; x_wconf 84' lang='lat'>713</span> <span class='ocrx_word' id='word_1_264' title='bbox 1337 3367 1366 3407; x_wconf 89' lang='lat' dir='ltr'>c:</span> <span class='ocrx_word' id='word_1_265' title='bbox 1392 3367 1459 3408; x_wconf 90' lang='lat' dir='ltr'>con·</span> 
     </span>
     <span class='ocr_line' id='line_1_28' title="bbox 340 3452 1460 3544; baseline -0.002 -25"><span class='ocrx_word' id='word_1_266' title='bbox 340 3461 472 3519; x_wconf 86' lang='lat' dir='ltr'>stituisse</span> <span class='ocrx_word' id='word_1_267' title='bbox 487 3457 645 3518; x_wconf 87' lang='lat' dir='ltr'>Saturnum</span> <span class='ocrx_word' id='word_1_268' title='bbox 660 3477 750 3517; x_wconf 89' lang='lat' dir='ltr'>aurea</span> <span class='ocrx_word' id='word_1_269' title='bbox 763 3458 863 3516; x_wconf 91' lang='lat' dir='ltr'>mundi</span> <span class='ocrx_word' id='word_1_270' title='bbox 879 3465 976 3515; x_wconf 87' lang='lat' dir='ltr'>aetate</span> <span class='ocrx_word' id='word_1_271' title='bbox 990 3458 1074 3533; x_wconf 86' lang='lat' dir='ltr'>quasi</span> <span class='ocrx_word' id='word_1_272' title='bbox 1093 3466 1241 3533; x_wconf 90' lang='lat' dir='ltr'>pastores,</span> <span class='ocrx_word' id='word_1_273' title='bbox 1264 3452 1403 3535; x_wconf 85' lang='grc' dir='ltr'>βασιλέας</span> <span class='ocrx_word' id='word_1_274' title='bbox 1423 3477 1460 3544; x_wconf 77' lang='grc' dir='ltr'>γε</span> 
     </span>
     <span class='ocr_line' id='line_1_29' title="bbox 340 3561 1459 3653; baseline 0.001 -25"><span class='ocrx_word' id='word_1_275' title='bbox 340 3567 390 3628; x_wconf 88' lang='grc' dir='ltr'>καὶ</span> <span class='ocrx_word' id='word_1_276' title='bbox 404 3563 551 3653; x_wconf 78' lang='grc' dir='ltr'>ἄρχοντας</span> <span class='ocrx_word' id='word_1_277' title='bbox 564 3575 630 3637; x_wconf 86' lang='grc' dir='ltr'>ταῖς</span> <span class='ocrx_word' id='word_1_278' title='bbox 643 3564 764 3626; x_wconf 78' lang='grc' dir='ltr'>πόλεσιν</span> <span class='ocrx_word' id='word_1_279' title='bbox 780 3570 865 3651; x_wconf 74' lang='grc' dir='ltr'>ἡμῶν</span> <span class='ocrx_word' id='word_1_280' title='bbox 885 3566 941 3626; x_wconf 78' lang='grc' dir='ltr'>οὐκ</span> <span class='ocrx_word' id='word_1_281' title='bbox 956 3561 1141 3651; x_wconf 78' lang='grc' dir='ltr'>ἀνθρώπους,</span> <span class='ocrx_word' id='word_1_282' title='bbox 1162 3563 1245 3626; x_wconf 84' lang='grc' dir='ltr'>ἀλλά</span> <span class='ocrx_word' id='word_1_283' title='bbox 1263 3561 1366 3653; x_wconf 75' lang='grc' dir='ltr'>γένους</span> <span class='ocrx_word' id='word_1_284' title='bbox 1382 3563 1459 3629; x_wconf 87' lang='grc' dir='ltr'>θειο-</span> 
     </span>
     <span class='ocr_line' id='line_1_30' title="bbox 339 3664 1459 3764; baseline -0.001 -25"><span class='ocrx_word' id='word_1_285' title='bbox 339 3675 425 3764; x_wconf 84' lang='grc' dir='ltr'>τέρου</span> <span class='ocrx_word' id='word_1_286' title='bbox 445 3697 481 3737; x_wconf 85' lang='grc' dir='ltr'>τε</span> <span class='ocrx_word' id='word_1_287' title='bbox 501 3676 552 3737; x_wconf 87' lang='grc' dir='ltr'>καὶ</span> <span class='ocrx_word' id='word_1_288' title='bbox 572 3676 739 3761; x_wconf 78' lang='grc' dir='ltr'>ἀμείνονος,</span> <span class='ocrx_word' id='word_1_289' title='bbox 762 3664 948 3762; x_wconf 78' lang='grc' dir='ltr'>δαίμονας,..</span> <span class='ocrx_word' id='word_1_290' title='bbox 967 3673 1079 3763; x_wconf 76' lang='grc' dir='ltr'>γένος..</span> <span class='ocrx_word' id='word_1_291' title='bbox 1096 3673 1112 3737; x_wconf 86' lang='grc'><strong>6</strong></span> <span class='ocrx_word' id='word_1_292' title='bbox 1133 3664 1183 3739; x_wconf 73' lang='lat' dir='ltr'>bd</span> <span class='ocrx_word' id='word_1_293' title='bbox 1201 3678 1341 3748; x_wconf 75' lang='grc' dir='ltr'>πολλῆς..</span> <span class='ocrx_word' id='word_1_294' title='bbox 1358 3679 1459 3750; x_wconf 80' lang='grc' dir='ltr'>αὐτοῖς</span> 
     </span>
     <span class='ocr_line' id='line_1_31' title="bbox 340 3774 1458 3874; baseline -0.002 -23"><span class='ocrx_word' id='word_1_295' title='bbox 340 3786 516 3869; x_wconf 69' lang='grc' dir='ltr'>ῥᾳστώνης..</span> <span class='ocrx_word' id='word_1_296' title='bbox 533 3784 764 3872; x_wconf 75' lang='grc' dir='ltr'>ἐπιμελούμενον</span> <span class='ocrx_word' id='word_1_297' title='bbox 779 3789 880 3872; x_wconf 75' lang='grc' dir='ltr'>ημῶν,</span> <span class='ocrx_word' id='word_1_298' title='bbox 902 3783 1016 3872; x_wconf 70' lang='grc' dir='ltr'>εἰρήνην</span> <span class='ocrx_word' id='word_1_299' title='bbox 1031 3807 1065 3847; x_wconf 90' lang='grc' dir='ltr'>τε</span> <span class='ocrx_word' id='word_1_300' title='bbox 1080 3786 1132 3848; x_wconf 86' lang='grc' dir='ltr'>καὶ</span> <span class='ocrx_word' id='word_1_301' title='bbox 1152 3774 1228 3849; x_wconf 78' lang='grc' dir='ltr'>αἰδῶ</span> <span class='ocrx_word' id='word_1_302' title='bbox 1249 3787 1300 3849; x_wconf 90' lang='grc' dir='ltr'>καὶ</span> <span class='ocrx_word' id='word_1_303' title='bbox 1319 3786 1458 3874; x_wconf 70' lang='grc' dir='ltr'>εὐνομίαν</span> 
     </span>
     <span class='ocr_line' id='line_1_32' title="bbox 338 3884 1459 3985; baseline 0 -25"><span class='ocrx_word' id='word_1_304' title='bbox 338 3899 388 3960; x_wconf 89' lang='grc' dir='ltr'>καὶ</span> <span class='ocrx_word' id='word_1_305' title='bbox 414 3894 559 3983; x_wconf 79' lang='grc' dir='ltr'>ἀφθονίαν</span> <span class='ocrx_word' id='word_1_306' title='bbox 585 3884 669 3968; x_wconf 70' lang='grc' dir='ltr'>δίκης</span> <span class='ocrx_word' id='word_1_307' title='bbox 693 3894 909 3983; x_wconf 73' lang='grc' dir='ltr'>παρεχόμενον,</span> <span class='ocrx_word' id='word_1_308' title='bbox 936 3896 1125 3959; x_wconf 83' lang='grc' dir='ltr'>ἀστασίαστα</span> <span class='ocrx_word' id='word_1_309' title='bbox 1151 3897 1202 3959; x_wconf 85' lang='grc' dir='ltr'>καὶ</span> <span class='ocrx_word' id='word_1_310' title='bbox 1228 3885 1393 3985; x_wconf 74' lang='grc' dir='ltr'>εὐδαίμονα</span> <span class='ocrx_word' id='word_1_311' title='bbox 1418 3898 1459 3960; x_wconf 87' lang='grc' dir='ltr'>τά</span> 
     </span>
     <span class='ocr_line' id='line_1_33' title="bbox 338 3997 1459 4094; baseline 0.002 -24"><span class='ocrx_word' id='word_1_312' title='bbox 338 4018 397 4071; x_wconf 84' lang='grc' dir='ltr'>τῶν</span> <span class='ocrx_word' id='word_1_313' title='bbox 410 4004 575 4094; x_wconf 82' lang='grc' dir='ltr'>ἀνθρώπων</span> <span class='ocrx_word' id='word_1_314' title='bbox 587 3997 773 4094; x_wconf 76' lang='grc' dir='ltr'>ἀπεργάζετο</span> <span class='ocrx_word' id='word_1_315' title='bbox 785 4003 866 4094; x_wconf 74' lang='grc' dir='ltr'>γένη.</span> <span class='ocrx_word' id='word_1_316' title='bbox 891 4013 933 4070; x_wconf 84' lang='lat' dir='ltr'>Et</span> <span class='ocrx_word' id='word_1_317' title='bbox 947 4013 1077 4070; x_wconf 90' lang='lat' dir='ltr'>hocloco</span> <span class='ocrx_word' id='word_1_318' title='bbox 1088 4012 1159 4070; x_wconf 91' lang='lat' dir='ltr'>etiu</span> <span class='ocrx_word' id='word_1_319' title='bbox 1171 4012 1296 4071; x_wconf 88' lang='lat' dir='ltr'>Politico</span> <span class='ocrx_word' id='word_1_320' title='bbox 1307 4023 1376 4090; x_wconf 93' lang='lat' dir='ltr'>post</span> <span class='ocrx_word' id='word_1_321' title='bbox 1387 4022 1459 4072; x_wconf 86' lang='lat' dir='ltr'>tem-</span> 
     </span>
     <span class='ocr_line' id='line_1_34' title="bbox 337 4121 1458 4201; baseline 0 -18"><span class='ocrx_word' id='word_1_322' title='bbox 337 4143 409 4199; x_wconf 89' lang='lat' dir='ltr'>pora</span> <span class='ocrx_word' id='word_1_323' title='bbox 426 4124 482 4181; x_wconf 87' lang='lat' dir='ltr'>illa</span> <span class='ocrx_word' id='word_1_324' title='bbox 500 4131 680 4199; x_wconf 84' lang='lat' dir='ltr'>spontaneae</span> <span class='ocrx_word' id='word_1_325' title='bbox 699 4122 862 4181; x_wconf 89' lang='lat' dir='ltr'>honestatis</span> <span class='ocrx_word' id='word_1_326' title='bbox 877 4121 1083 4197; x_wconf 83' lang='lat' dir='ltr'>felicitatisque</span> <span class='ocrx_word' id='word_1_327' title='bbox 1101 4123 1272 4182; x_wconf 87' lang='lat' dir='ltr'>derelictum</span> <span class='ocrx_word' id='word_1_328' title='bbox 1287 4143 1353 4182; x_wconf 89' lang='lat' dir='ltr'>esse</span> <span class='ocrx_word' id='word_1_329' title='bbox 1366 4134 1458 4201; x_wconf 81' lang='lat' dir='ltr'>genus</span> 
     </span>
     <span class='ocr_line' id='line_1_35' title="bbox 337 4232 1458 4311; baseline 0 -19"><span class='ocrx_word' id='word_1_330' title='bbox 337 4235 495 4293; x_wconf 86' lang='lat' dir='ltr'>humanum</span> <span class='ocrx_word' id='word_1_331' title='bbox 515 4253 533 4292; x_wconf 87' lang='lat' dir='ltr'>a</span> <span class='ocrx_word' id='word_1_332' title='bbox 552 4233 645 4311; x_wconf 86' lang='lat' dir='ltr'>geniis</span> <span class='ocrx_word' id='word_1_333' title='bbox 666 4233 726 4290; x_wconf 91' lang='lat' dir='ltr'>illis</span> <span class='ocrx_word' id='word_1_334' title='bbox 747 4233 844 4292; x_wconf 88' lang='lat' dir='ltr'>tradit.</span> <span class='ocrx_word' id='word_1_335' title='bbox 881 4232 1032 4292; x_wconf 85' lang='lat' dir='ltr'>Describit</span> <span class='ocrx_word' id='word_1_336' title='bbox 1045 4235 1103 4304; x_wconf 93' lang='lat' dir='ltr'>ibi,</span> <span class='ocrx_word' id='word_1_337' title='bbox 1125 4234 1151 4292; x_wconf 87' lang='lat' dir='ltr'>si</span> <span class='ocrx_word' id='word_1_338' title='bbox 1166 4235 1235 4310; x_wconf 89' lang='lat' dir='ltr'>quid</span> <span class='ocrx_word' id='word_1_339' title='bbox 1249 4234 1348 4304; x_wconf 91' lang='lat' dir='ltr'>video,</span> <span class='ocrx_word' id='word_1_340' title='bbox 1367 4235 1458 4292; x_wconf 89' lang='lat' dir='ltr'>animi</span> 
     </span>
     <span class='ocr_line' id='line_1_36' title="bbox 337 4344 1458 4419; baseline 0 -16"><span class='ocrx_word' id='word_1_341' title='bbox 337 4344 456 4404; x_wconf 91' lang='lat' dir='ltr'>humaui</span> <span class='ocrx_word' id='word_1_342' title='bbox 470 4345 683 4402; x_wconf 89' lang='lat' dir='ltr'>condicionem:</span> <span class='ocrx_word' id='word_1_343' title='bbox 705 4363 786 4413; x_wconf 90' lang='lat' dir='ltr'>eum,</span> <span class='ocrx_word' id='word_1_344' title='bbox 802 4362 859 4419; x_wconf 86' lang='lat' dir='ltr'>qua</span> <span class='ocrx_word' id='word_1_345' title='bbox 873 4351 970 4402; x_wconf 90' lang='lat' dir='ltr'>aetate</span> <span class='ocrx_word' id='word_1_346' title='bbox 984 4352 1117 4403; x_wconf 89' lang='lat' dir='ltr'>recenter</span> <span class='ocrx_word' id='word_1_347' title='bbox 1130 4351 1296 4403; x_wconf 88' lang='lat' dir='ltr'>emanasset</span> <span class='ocrx_word' id='word_1_348' title='bbox 1311 4363 1347 4406; x_wconf 83' lang='lat' dir='ltr'>ex</span> <span class='ocrx_word' id='word_1_349' title='bbox 1360 4352 1458 4403; x_wconf 90' lang='lat' dir='ltr'>mente</span> 
     </span>
     <span class='ocr_line' id='line_1_37' title="bbox 337 4454 1457 4531; baseline 0.001 -18"><span class='ocrx_word' id='word_1_350' title='bbox 337 4456 448 4527; x_wconf 85' lang='lat' dir='ltr'>diviua,</span> <span class='ocrx_word' id='word_1_351' title='bbox 464 4456 540 4513; x_wconf 90' lang='lat' dir='ltr'>ultro</span> <span class='ocrx_word' id='word_1_352' title='bbox 555 4456 679 4515; x_wconf 88' lang='lat' dir='ltr'>liberum</span> <span class='ocrx_word' id='word_1_353' title='bbox 692 4454 784 4512; x_wconf 88' lang='lat' dir='ltr'>fuisse</span> <span class='ocrx_word' id='word_1_354' title='bbox 798 4455 978 4531; x_wconf 89' lang='lat' dir='ltr'>turpitudine</span> <span class='ocrx_word' id='word_1_355' title='bbox 993 4463 1022 4512; x_wconf 93' lang='lat' dir='ltr'>et</span> <span class='ocrx_word' id='word_1_356' title='bbox 1036 4455 1168 4514; x_wconf 88' lang='lat' dir='ltr'>miseria:</span> <span class='ocrx_word' id='word_1_357' title='bbox 1188 4454 1247 4511; x_wconf 90' lang='lat' dir='ltr'>iam</span> <span class='ocrx_word' id='word_1_358' title='bbox 1262 4473 1329 4512; x_wconf 87' lang='lat' dir='ltr'>vero</span> <span class='ocrx_word' id='word_1_359' title='bbox 1344 4456 1457 4514; x_wconf 76' lang='lat' dir='ltr'>ammos</span> 
     </span>
    </p>
   </div>
   <div class='ocr_carea' id='block_1_6' title="bbox 337 4563 1458 4649">
    <p class='ocr_par' dir='ltr' id='par_1_6' title="bbox 337 4563 1458 4649">
     <span class='ocr_line' id='line_1_38' title="bbox 337 4563 1458 4649; baseline 0.003 -25"><span class='ocrx_word' id='word_1_360' title='bbox 337 4586 396 4625; x_wconf 91' lang='lat' dir='ltr'>nou</span> <span class='ocrx_word' id='word_1_361' title='bbox 410 4584 499 4649; x_wconf 89' lang='lat' dir='ltr'>posse</span> <span class='ocrx_word' id='word_1_362' title='bbox 513 4566 573 4626; x_wconf 94' lang='lat' dir='ltr'>nisi</span> <span class='ocrx_word' id='word_1_363' title='bbox 586 4566 696 4628; x_wconf 89' lang='lat' dir='ltr'>viribus</span> <span class='ocrx_word' id='word_1_364' title='bbox 710 4563 832 4647; x_wconf 85' lang='lat' dir='ltr'>intentis</span> <span class='ocrx_word' id='word_1_365' title='bbox 847 4582 958 4640; x_wconf 90' lang='lat' dir='ltr'>suoque</span> <span class='ocrx_word' id='word_1_366' title='bbox 971 4566 1071 4625; x_wconf 89' lang='lat' dir='ltr'>labore</span> <span class='ocrx_word' id='word_1_367' title='bbox 1082 4566 1120 4624; x_wconf 86' lang='lat' dir='ltr'>ad</span> <span class='ocrx_word' id='word_1_368' title='bbox 1131 4566 1314 4628; x_wconf 80' lang='lat' dir='ltr'>honestatem</span> <span class='ocrx_word' id='word_1_369' title='bbox 1325 4565 1407 4626; x_wconf 85' lang='lat' dir='ltr'>evehi</span> <span class='ocrx_word' id='word_1_370' title='bbox 1423 4584 1458 4627; x_wconf 87' lang='lat' dir='ltr'>ac</span> 
     </span>
    </p>
   </div>
   <div class='ocr_carea' id='block_1_7' title="bbox 0 0 1800 5400">
    <p class='ocr_par' dir='ltr' id='par_1_7' title="bbox 0 0 1800 5400">
     <span class='ocr_line' id='line_1_39' title="bbox 0 0 1800 5400; baseline 0 1"><span class='ocrx_word' id='word_1_371' title='bbox 0 0 1800 5400; x_wconf 95' lang='lat' dir='ltr'> </span> 
     </span>
    </p>
   </div>
  </div>
 </body>
</html>
