3592 5400
384 509 425 574 46
615 531 711 575 corun
725 530 766 574 ιν.
789 530 831 572 nn
848 529 1055 574 onscnnonnn
1068 499 1268 574 conscensus.

447 686 551 745 Latius
566 686 661 763 patuit
674 684 884 749 Heraclidis
898 684 1015 744 Pontici
1035 685 1113 745 liber
1124 680 1192 769 περὶ
1209 679 1405 768 χρηστηρίων.
1435 685 1507 745 Per·

385 804 501 857 secutus
522 805 568 856 est
587 797 689 856 doctus
704 795 839 855 Platonis
854 795 1083 871 Aristotelisque
1102 796 1262 873 discipulus
1284 795 1413 874 origines
1435 804 1507 855 tem·

383 908 496 985 plorum
508 907 691 966 fatidicorum
703 900 904 986 (sch.Hesiod.
914 914 988 965 scut.
997 908 1046 965 70.
1059 907 1137 965 Plnt.
1151 901 1506 986 delsieap.27p.361f.)

385 1025 414 1077 et
432 1019 514 1077 varia
532 1017 721 1106 diuinationis
740 1011 874 1095 genera¹,
901 1017 954 1076 sed
974 1017 1061 1074 etiam
1082 1016 1149 1094 ipsa
1167 1035 1311 1094 responsa
1331 1035 1506 1077 commemo·

383 1129 472 1200 ravit,
493 1130 573 1187 velut
586 1149 634 1205 ap.
646 1129 754 1187 Zenob.
767 1148 847 1205 prov.
861 1128 944 1186 2:84
965 1135 994 1185 et
1013 1128 1189 1187 enumeratis
1205 1125 1328 1204 Sibyllin
1343 1148 1392 1205 ap.
1410 1127 1503 1188 Clam.

383 1241 467 1300 Alere
485 1248 585 1298 strom.
602 1242 628 1298 1.
644 1260 673 1316 p.
689 1239 758 1298 139.
772 1240 827 1310 48,
850 1238 901 1297 nbi
921 1245 982 1296 tres
1002 1236 1134 1315 Sibyllae
1152 1238 1300 1316 Phrygiae
1318 1239 1504 1300 hexametros

383 1351 489 1428 prodit.
527 1349 607 1424 Quin
632 1349 720 1407 etiam
744 1328 776 1406 in
801 1349 924 1407 formam
945 1349 1090 1426 fidemque
1111 1367 1318 1426 responsorum
1339 1350 1503 1427 inquisivit,

384 1461 526 1537 siqnidem
548 1459 768 1519 Choerobosous
788 1460 824 1517 ad
845 1459 1003 1519 Theodosii
1024 1477 1150 1519 canones
1169 1479 1216 1536 ap.
1233 1460 1327 1521 Bekk.
1348 1461 1452 1520 ιιιιοεό.
1475 1463 1503 1520 3.

388 1572 467 1630 1189
484 1564 621 1649 (omissus
636 1590 654 1628 a
669 1569 702 1630 G.
719 1564 872 1649 Muellero)
888 1571 945 1629 ait:
966 1561 1170 1653 σημειούμεθα
1189 1561 1257 1653 παρ’
1271 1555 1455 1653 Ἡρακλείδη
1474 1570 1505 1629 ἐν

383 1686 448 1751 τοῖς
461 1698 491 1739 π.
505 1684 653 1764 χρησμῶν,
669 1675 770 1765 ὅτιπερ
786 1676 837 1738 καὶ
850 1674 972 1766 λέγουσί
985 1697 1062 1750 τινες
1076 1674 1291 1765 πεπλανημένα
1307 1672 1383 1739 εἶναι
1396 1676 1453 1740 σθ’

588 1786 609 1844 ὦ
627 1792 709 1862 Πέρση
728 1792 911 1862 ποικιλόδιφρε,
926 1792 958 1843 ἵν’
976 1790 1024 1843 ἀπο
1043 1795 1127 1863 χεῖρας
1145 1789 1270 1863 {gestatu

383 1890 474 1960 Ἔστι
488 1896 545 1987 γὰρ
560 1876 691 1961 ἐνταῦθα
705 1895 820 1961 όθνικθν
835 1898 887 1959 καὶ
902 1902 942 1972 εἰς
955 1904 975 1968 u
990 1896 1159 1985 καταλήγει
1173 1901 1193 1967 ῆ
1210 1896 1349 1968 κλητικῆ.

446 2013 564 2073 Primus
584 2022 695 2085 autern,
721 2014 771 2090 qui
792 2032 897 2091 corpus
917 2014 1098 2072 oraculorum
1120 2013 1243 2071 ediderit
1261 2013 1504 2074 Philochorus

384 2131 443 2195 est,
465 2123 557 2200 Cycni
571 2124 592 2184 f.
599 2115 613 2196 ,'
629 2124 833 2194 Atheniensis,
855 2124 932 2182 idem
953 2125 1003 2200 qni
1024 2123 1173 2183 Atthidem
1193 2124 1321 2201 scripsit.
1352 2125 1383 2184 Is
1406 2127 1505 2184 omnia

384 2234 572 2293 divinationis
597 2253 705 2311 genera
729 2241 867 2310 quattuor
891 2234 976 2292 libris
996 2252 1025 2291 π.
1042 2238 1187 2317 μαντικῆς
1203 2227 1319 2314 (Suid.)
1335 2236 1504 2312 complexus

385 2340 457 2403 sst³.
484 2347 528 2403 Ac
547 2344 772 2421 primoquidem
792 2345 866 2404 libro
882 2345 1000 2403 deorum
1016 2353 1172 2422 vatumque
1192 2346 1311 2404 oracula
1332 2353 1363 2402 et
1376 2346 1503 2404 νὶιιοῖειιι

384 2463 414 2513 et
433 2456 558 2514 solutam
578 2456 738 2514 orationem
757 2454 928 2533 praebentia
943 2456 1070 2533 collegit.
1101 2455 1254 2515 Nam'sch.
1268 2457 1339 2516 Eur.
1353 2456 1416 2516 Alc.
1432 2459 1503 2517 983.

384 2568 429 2626 ed.
439 2566 555 2626 Cobeti:
569 2559 631 2624 Καὶ
641 2561 767 2636 ποιητὴς
777 2563 828 2624 καὶ
840 2559 944 2651 μάντις
954 2555 991 2632 ἦν
1003 2558 1162 2649 όὈρφεός.
1173 2559 1341 2650 Φιλόχορος
1351 2565 1383 2624 όν
1394 2562 1505 2650 πρόντῳ

384 2697 415 2737 π.
433 2683 578 2764 μαντικῆς
592 2670 741 2744 ἐκτίθησιν
757 2675 851 2737 edred
865 2671 1023 2762 ποιήματα
1037 2677 1146 2761 ἔχοντα
1161 2670 1268 2748 οὕτως·

435 2798 511 2851 Οὔτοι
528 2797 652 2868 ἀριστερός
670 2797 717 2869 εἰμι
735 2799 881 2869 θεοπροπίας
900 2798 1032 2866 ἀποειπεῖν,

435 2890 500 2943 ἂλλόι
518 2910 559 2961 μοι
576 2889 600 2943 ἰν
619 2892 745 2958 στήθεσσιν
763 2890 908 2958 ἀληθεύουσι
926 2892 1038 2963 μέριμναι
1055 2891 1106 2962 (sic
1118 2892 1231 2946 (iubatus
1245 2892 1369 2963 coni.pro
1380 2891 1504 2962 μέλαινα).

385 3006 505 3070 Αιιιίιθ·
521 3010 643 3069 eundern
663 3010 784 3081 librum,
805 3010 913 3069 autad
933 3029 1035 3069 comm.
1055 3029 1086 3068 π.
1106 3002 1270 3095 καθαρμῶν
1285 3011 1421 3088 pertinet
1443 3012 1504 3071 soh.

384 3122 475 3182 Arist.
488 3140 551 3179 ran.
567 3123 662 3180 1033:
675 3114 737 3178 Τθν
748 3112 905 3179 Μουσαῖον
916 3104 1014 3179 παῒθα
1025 3114 1158 3191 Σελήνης
1168 3117 1219 3179 καὶ
1229 3114 1396 3205 Εὔμολπον
1408 3114 1505 3179 Φιλό-

384 3227 470 3316 χορός
485 3248 579 3315 φησιν.
602 3220 704 3301 Οὗτος
719 3215 752 3290 di
766 3224 947 3315 παραλύσιις
962 3228 1013 3289 καὶ
1026 3227 1154 3301 τελετοὶς
1168 3228 1220 3289 καὶ
1234 3223 1406 3315 καθαρμοὺς
1422 3226 1505 3290 συνέ-

386 3335 483 3409 θηκεν.
506 3334 547 3401 Ὀ
560 3327 592 3401 di
603 3334 762 3424 Σοφοκλῆς
772 3338 979 3427 γρησμολόγον
991 3337 1083 3400 αὐτόν
1094 3359 1173 3423 φησι
1195 3343 1271 3402 Utut
1281 3344 1336 3400 hoc
1347 3350 1408 3413 est,
1422 3350 1504 3401 vates

384 3455 577 3514 Philochorus
599 3454 692 3531 primo
712 3454 789 3513 libro
808 3453 957 3526 ποιμενίη
983 3471 1078 3529 neque
1098 3461 1195 3512 tamen
1220 3447 1292 3511 nnte'
1307 3453 1378 3512 deos
1398 3453 1505 3512 afferre

453 3636 462 3669 ¹
482 3634 541 3689 Sch.
553 3632 628 3689 Pind.
642 3634 682 3688 01.
696 3634 720 3687 7.
735 3635 791 3688 111.
810 3634 851 3687 Ad
861 3634 1031 3699 Muellerum,
1050 3635 1095 3703 qui
1112 3634 1139 3685 in
1156 3634 1187 3687 ir.
1200 3633 1261 3688 hist.
1275 3632 1319 3687 Gr.
1333 3632 1394 3702 Hp.
1407 3632 1503 3703 197sq.

384 3720 551 3773 annotatione
568 3720 629 3772 libri
646 3718 768 3789 reliquias
787 3720 905 3789 collegit,
924 3717 988 3771 adde
1000 3718 1152 3774 Tertullian.
1167 3720 1198 3771 de
1211 3718 1356 3771 animodi:
1377 3717 1461 3783 ,Nam
1479 3723 1505 3771 et

384 3804 546 3858 Nasamones
563 3805 669 3875 propria
686 3806 790 3857 oracula
809 3804 878 3873 apud
901 3809 1040 3874 parentum
1064 3805 1181 3873 sepulcra
1197 3802 1364 3856 mansitando
1389 3809 1503 3873 captare,

384 3896 414 3941 ut
430 3890 578 3943 Heraclides
596 3890 688 3941 scribit
704 3890 745 3941 vel
763 3888 965 3959 Nymphodorus
982 3890 1024 3942 rel
1041 3888 1203 3942 Herodotus“
1222 3888 1342 3957 (4172).
1377 3888 1446 3943 Num
1463 3890 1505 3942 vel

386 3975 472 4027 —vel
490 3989 531 4043 sp.
545 3974 733 4026 Tertullianum
751 3979 791 4026 est
807 3974 824 4026 i.
837 3991 862 4042 q.
882 3980 909 4026 et
920 4006 953 4013 —
966 3980 999 4027 et.

453 4056 464 4091 θ
482 4058 579 4110 Omitte
597 4050 631 4126 ὦ,
656 4064 713 4110 tum
730 4061 790 4108 νεῶν
808 4075 856 4111 ser.
875 4076 922 4128 pro
938 4060 978 4128 ἵν’,
998 4060 1043 4111 ubi
1060 4059 1233 4129 apostrophus
1251 4076 1285 4111 ex
1302 4059 1400 4112 lineola
1418 4076 1503 4124 curva,

385 4159 453 4213 qnae
471 4160 505 4194 ων
523 4141 667 4212 significat,
686 4148 809 4195 accentus
826 4148 914 4196 autem
927 4161 959 4195 ex
972 4144 1149 4213 suprascripto
1168 4161 1178 4195 ε
1195 4144 1316 4196 videntur
1332 4150 1426 4197 exorta
1438 4160 1503 4197 esse.

385 4230 505 4282 Ceterum
523 4228 639 4298 genuina
656 4227 754 4279 oraculi
771 4228 855 4280 forma
872 4229 926 4280 alia
945 4233 1012 4291 erat;
1034 4246 1096 4281 nam
1113 4229 1207 4282 Pollux
1225 4229 1249 4283 7.
1264 4228 1325 4281 112:
1350 4270 1373 4282 ..
1391 4228 1407 4295 ἡ
1426 4229 1504 4281 lloilu

386 4314 451 4382 φησί.
478 4312 585 4366 Θετταλὲ
603 4312 783 4383 ποικιλόδιφρε,
803 4329 868 4382 qnae
887 4313 938 4365 duo
956 4314 1084 4367 vocabula
1095 4313 1243 4368 Athenaeus
1258 4313 1297 4368 13.
1309 4314 1370 4370 568.
1380 4314 1405 4368 (1.
1424 4308 1510 4368 animi

385 4414 463 4451 causa
481 4404 598 4469 usurpat.

453 4482 464 4516 ⁸
481 4482 627 4536 Philochori
645 4481 738 4538 Athen.
757 4484 882 4536 librorum
900 4483 1049 4553 fragmenta
1066 4501 1082 4536 a
1100 4484 1127 4538 G.
1142 4484 1173 4539 G.
1186 4484 1282 4538 Lenzio
1300 4486 1448 4539 collecta..
1464 4484 1502 4537 ed.

385 4568 414 4623 Ο.
429 4567 459 4622 (i.
473 4568 592 4623 Siebelis.
605 4570 675 4639 Lips.
690 4568 762 4621 1811.
775 4570 813 4622 ch.
827 4568 851 4623 8.
865 4600 897 4608 —
910 4569 956 4623 Ed.
967 4569 994 4622 C.
1004 4570 1114 4621 Mueller
1125 4570 1156 4621 ir.
1168 4567 1229 4624 hist.
1244 4568 1288 4623 Gr.
1300 4570 1320 4621 l.
1331 4587 1358 4639 p.
1367 4569 1418 4623 415
1427 4586 1484 4639 sqq.
