3592 5400
664 532 760 575 CAPUT
775 532 803 576 V.
826 532 868 573 DE
884 530 1090 574 ORACULORUM
1105 531 1226 575 METRlS·

538 678 621 730 Εὔαδέ
637 697 679 748 μοι
696 677 781 748 χθιζος
799 677 897 745 λίβανος
916 677 996 729 Λύκου
1015 676 1167 746 Ἑρμιονῆος.

538 771 658 840 εὐσεβὲοιν
677 770 703 823 δὲ
722 771 819 841 βροτοῖς
837 767 944 840 γάνυμαι
961 771 1048 838 τόσον,
1067 768 1142 821 όσσον
1161 769 1295 840 Ὀλύμπῳ.

388 900 473 974 Quod
496 900 641 957 oraculum
665 918 728 956 cum
751 897 896 956 similibus
919 897 1002 954 docte
1028 898 1163 954 tractavit
1183 898 1257 955 Lob.
1274 898 1341 975 Agl.
1358 900 1454 970 1006,
1478 882 1507 957 et

387 1011 516 1068 eiusdem
531 1009 656 1085 Pythiae
670 1009 708 1065 ad
724 1006 876 1084 Sybaritas
893 999 1018 1084 (Aeliae.
1034 1027 1093 1066 var.
1110 1009 1179 1066 hist.
1197 1010 1225 1067 3.
1242 1001 1310 1085 43):

539 1137 606 1188 Buiv'
625 1134 668 1187 ἀπ’
686 1134 752 1205 ἐμῶν
770 1136 907 1204 τριπόδων·
926 1133 960 1186 ἔτι
978 1153 1015 1186 τοι
1033 1137 1107 1204 φόνος
1125 1134 1187 1205 ἀμφὶ
1204 1135 1303 1205 χέρεσσι

539 1228 631 1289 πουλὺς
650 1226 796 1290 ἀποστὰζων
814 1225 863 1279 ἀπὸ
881 1223 967 1281 heluco
986 1227 1060 1281 οὐδοῦ
1079 1227 1163 1298 ἐρύκει.

540 1322 568 1374 οὔ
586 1341 613 1374 σε
632 1322 789 1392 deprendunt.

388 1449 442 1511 Oui
458 1450 567 1510 similia
581 1450 640 1508 alia
653 1449 727 1508 Lob.
743 1449 860 1527 collegit
874 1450 894 1507 l.
912 1468 1013 1508 comm.

932 1619 960 1678 5.

450 1741 484 1797 In
501 1739 619 1813 templis
634 1757 702 1796 vero
719 1738 796 1795 edita
811 1757 876 1796 esse
891 1738 1026 1795 videntur
1040 1739 1112 1795 haec
1126 1738 1257 1796 oracula:
1280 1738 1344 1816 Ael.
1358 1735 1506 1814 Spartian.

387 1849 424 1906 de
443 1851 586 1908 Pescenn.
610 1848 702 1926 Nigro
722 1866 786 1924 cap.
801 1849 834 1906 8:
858 1847 1013 1923 „Denique
1035 1847 1172 1923 Delphici
1194 1847 1340 1925 Apollinis
1362 1856 1443 1908 vates
1463 1891 1506 1920 ..,

387 1977 475 2036 quum
490 1959 653 2034 quaesitum
669 1964 762 2028 esset,
783 1958 848 2032 quis
869 1958 914 2015 illi
930 1950 1043 2035 (Nigro)
1066 1975 1252 2016 successurus
1273 1966 1367 2030 esset,
1388 1977 1508 2036 respon-

387 2069 466 2128 disse
480 2069 581 2128 itidem
597 2068 710 2128 Graeco
725 2087 810 2128 versu
825 2069 944 2126 dicitur:

438 2178 506 2239 -Oui
521 2179 654 2237 dederint
669 2179 767 2255 superi
782 2197 888 2236 nornen
903 2179 1010 2236 habere
1024 2179 1082 2237 Pii.

452 2290 538 2363 Quod
557 2289 673 2346 omnino
695 2288 875 2345 intellectum
895 2308 953 2346 non
975 2296 1034 2358 est,
1055 2289 1112 2348 nisi
1133 2308 1220 2364 quum
1239 2290 1403 2350 Bassianus
1419 2293 1509 2351 Anto-

388 2399 465 2470 nini,
482 2399 559 2474 quod
574 2417 672 2456 verum
688 2398 802 2476 signum
817 2398 864 2456 Pii
879 2399 949 2469 fuit,
966 2419 1071 2456 nomen
1086 2399 1207 2476 accepit.

935 2510 963 2568 6.

450 2624 524 2680 Item
540 2640 628 2697 quum
644 2627 840 2696 quaereretur,
856 2620 994 2698 quamdiu
1006 2619 1201 2698 imperaturus
1213 2627 1306 2692 esset,
1322 2625 1510 2698 respondisse

303 2735 307 2740 ’
389 2732 502 2793 Graece
518 2732 636 2789 dicitur:

541 2859 588 2910 Bis
606 2858 679 2928 denis
696 2856 792 2911 Italum
810 2860 967 2913 conscendet
983 2861 1095 2913 navibus
1114 2878 1224 2930 aequor:

590 2952 613 3003 si
630 2957 719 3004 tamen
737 2968 789 3005 una
806 2953 869 3005 ratis
887 2954 1030 3007 transsiliet
1047 2956 1166 3024 pelagus.

389 3081 436 3138 Ex
450 3098 507 3155 quo
522 3079 716 3149 intellectum,
734 3076 873 3138 Severum
890 3081 991 3158 viginti
1006 3101 1100 3140 annos
1116 3080 1327 3157 expleturum.“

450 3189 507 3247 Vel
527 3189 551 3248 si
573 3190 618 3247 cui
639 3191 710 3247 haec
729 3192 847 3248 oracula
867 3199 936 3267 post
956 3192 997 3249 rei
1018 3199 1152 3249 eventum
1171 3194 1240 3250 fieta
1259 3212 1326 3252 esse
1346 3195 1509 3265 videantur,

388 3307 484 3357 tamen
500 3302 554 3358 sub
568 3300 797 3376 Imperatoribus
818 3303 906 3359 etiam
927 3302 1085 3379 elegiacum
1107 3309 1231 3360 metrum
1245 3323 1263 3360 a
1279 3304 1510 3379 Pythiaadmis-

388 3429 452 3468 sum
467 3429 533 3468 esse
552 3411 685 3487 probant.
720 3411 816 3485 Quam
835 3412 963 3487 insipide
986 3412 1062 3469 enim
1083 3414 1246 3490 excogitata
1266 3422 1381 3485 essent,
1403 3416 1429 3473 si
1452 3416 1509 3473 iarn

388 3520 452 3596 ipso
468 3527 559 3578 metro
575 3521 685 3579 fraudis
701 3522 828 3599 speciem
844 3542 915 3599 prae
931 3523 1135 3581 retulissent?

934 3694 961 3751 7.

451 3810 671 3868 Excludendum
698 3819 743 3868 est
769 3817 800 3868 ut
826 3811 914 3869 sortis
940 3811 1087 3869 oraculum
1113 3812 1258 3870 distichon
1284 3785 1331 3888 apt
1354 3812 1508 3890 Lamprid.

386 3918 547 3977 Alexandri
572 3916 671 3977 Severi
695 3921 744 3978 vit.
769 3940 832 3995 cap.
854 3924 906 3979 14:
936 3923 1023 3998 „Ipse
1047 3915 1229 3999 (Alexander
1250 3917 1394 4001 Severus)
1422 3943 1509 3999 quum

388 4035 483 4085 vatem
498 4028 663 4087 consuleret
678 4029 713 4087 de
728 4030 848 4101 futuris,
864 4032 917 4089 hos
933 4032 1081 4108 accepisse
1096 4032 1202 4091 dicitur
1216 4052 1316 4091 versus
1332 4034 1429 4091 adhuc
1443 4056 1510 4112 par·

387 4137 487 4195 vulus:
505 4145 534 4195 et
547 4138 673 4214 primum
689 4141 806 4215 quidem
821 4143 947 4199 sortibus

540 4241 577 4292 To
595 4247 684 4295 manet
701 4243 840 4312 imperium
858 4244 924 4295 coeli
940 4248 1076 4315 terraeque
1093 4246 1238 4315 marisque,

388 4334 578 4419 (intellectum
594 4350 652 4413 est,
669 4345 745 4419 quod
761 4344 837 4401 inter
851 4344 932 4402 divos
948 4346 1037 4403 etiam
1052 4340 1228 4423 referretur,)

586 4450 612 4498 te
629 4451 720 4498 manet
736 4446 888 4515 imperium,
907 4448 976 4515 quod
993 4452 1064 4501 tenet
1080 4450 1228 4519 imperium.

389 4587 438 4609 ..,
462 4546 503 4603 Et
517 4547 589 4604 haec
604 4548 720 4623 quidem
736 4548 772 4605 de
788 4547 910 4608 Graecis
926 4550 1057 4609 versibus
1073 4558 1143 4608 sunt
1155 4547 1300 4628 prodita.“
