3592 5400
666 494 763 537 CAPUT
778 493 807 535 V.
830 493 872 535 DE
887 493 1094 537 ORACULORUM
1108 493 1231 536 ussms.

853 790 886 851 G.
920 791 1042 870 Elegi.

936 931 963 987 1.

450 1065 509 1124 Dio
530 1063 682 1141 Chr-ysost.
704 1083 745 1123 or.
763 1066 800 1123 31
823 1083 852 1140 p.
873 1064 932 1122 618
953 1063 1056 1122 Reisk.
1078 1083 1107 1139 p.
1122 1064 1181 1122 393
1200 1064 1319 1140 Emper.
1340 1064 1509 1142 Theagenis

387 1176 506 1246 Thasii,
527 1176 669 1245 athletae,
687 1172 842 1251 Olympiae
858 1181 904 1231 ter
917 1173 1049 1244 uictoris,
1071 1173 1106 1230 de
1122 1173 1240 1231 civitate
1255 1191 1308 1231 sua
1322 1174 1398 1230 bene
1414 1174 1509 1231 meriti

392 1293 489 1343 statua
509 1285 540 1341 in
560 1285 736 1342 Thasiorum
757 1283 819 1341 foro
840 1277 968 1353 ποειτ’,
991 1290 1058 1358 post
1080 1282 1133 1340 viri
1155 1290 1277 1340 mortem
1292 1290 1379 1340 noctu
1399 1285 1438 1341 ab
1461 1285 1509 1342 ob

389 1402 545 1453 tractatore
560 1394 722 1470 flagellata,
744 1394 882 1451 delabens
900 1378 1122 1451 obtrectatorem
1141 1392 1246 1451 occidit
1261 1399 1291 1450 et
1310 1393 1375 1471 lege
1390 1395 1509 1452 iubente

386 1512 541 1582 propterea
555 1505 586 1560 in
601 1523 680 1561 mare
695 1504 829 1563 demersa
843 1510 897 1562 est.
925 1504 1046 1562 Thasiis
1066 1523 1124 1561 non
1145 1504 1236 1560 multo
1256 1511 1323 1579 post
1337 1504 1509 1579 pestilentia

389 1615 536 1692 oppressis
558 1609 628 1682 τοὺς
643 1596 780 1699 φυγάδας
800 1611 902 1670 άνιῖπε
924 1605 1069 1696 κατάγειν
1089 1611 1105 1669 ὁ
1129 1605 1201 1681 θεάς.
1232 1613 1316 1671 Haec
1333 1612 1404 1673 Dio.
1436 1612 1509 1672 Ora-

388 1725 484 1782 culum
498 1725 594 1800 ipsum
615 1721 780 1782 Oenomaus
802 1723 928 1783 servavit
942 1743 989 1800 ap.
1005 1725 1115 1783 Euseb.
1131 1743 1176 1800 pr.
1193 1743 1236 1781 ev.
1254 1724 1282 1782 5.
1298 1725 1354 1783 34:

540 1834 579 1903 εἰς
593 1826 709 1916 πάτρην
725 1818 862 1918 ρυγάθας
876 1826 1022 1917 κατάγων
1038 1826 1201 1916 Δήμητραν
1216 1825 1348 1916 ἀμήσεις.
1405 1904 1409 1913 x

386 1946 487 2023 Pergit
501 1945 574 2003 Dio:
598 1935 652 2013 Ὠς
668 1927 701 2002 δὲ
715 1937 807 2002 πλέον
823 1927 908 2002 οὐθὲν
923 1931 959 2008 ἦν
975 1936 1116 2001 ἁπάντων
1131 1935 1335 2016 ἐληλυθότων,
1350 1938 1509 2028 χρωμένοις

387 2041 470 2124 αὖθις
484 2047 607 2139 λέγεται
621 2049 677 2119 πάν
692 2046 808 2111 Πυθίαν
824 2047 919 2124 οὕτως
933 2051 1078 2111 ἀνειπεῖν·

539 2181 683 2252 Θειαγένους
702 2182 751 2250 (sic
769 2182 862 2251 scripsi
880 2199 927 2252 pro
946 2181 1033 2253 Θεαγ.)
1052 2182 1074 2234 δ’
1086 2179 1200 2233 ἐλάθεσθε
1218 2178 1338 2251 (iliceos
1355 2179 1389 2234 ἔτ’
1406 2183 1507 2252 lacobs)

997 2273 1030 2326 ca
1049 2272 1182 2344 ψαμάθοισι
1199 2276 1344 2336 πεσόντος·Ι

590 2367 648 2418 κεῖθ’
666 2365 723 2434 ὑμῖν
742 2364 754 2418 ὁ
773 2366 828 2436 πρὶν
847 2365 991 2436 μυριάεθλος
1009 2365 1076 2438 ἀνήρ.

387 2492 519 2552 Eandem
539 2512 600 2549 rem
620 2512 742 2551 narrans
762 2495 851 2552 Paus.
867 2496 894 2553 6.
912 2497 990 2553 11.7
1012 2496 1119 2554 rectius
1139 2505 1197 2554 non
1217 2495 1433 2572 pestilentiam,
1457 2496 1506 2556 sed

386 2603 492 2661 famem
508 2610 537 2660 et
552 2602 735 2661 sterilitatem
749 2603 840 2662 fuisse
855 2605 959 2676 tradit,
976 2607 1124 2664 oraculum
1138 2614 1237 2664 autem
1250 2607 1307 2665 hoc
1320 2610 1458 2683 praebet:

539 2721 669 2791 Θειαγένην
687 2722 736 2791 (sic
753 2724 840 2792 vulg.,
863 2725 935 2777 codd.
954 2724 1041 2796 Θεαγ.)
1065 2726 1087 2777 δ’
1100 2723 1223 2797 ἄμνηστον
1241 2723 1351 2796 ἀφήκατε
1369 2726 1413 2779 τ“ον
1432 2728 1507 2798 μέγαν

996 2818 1085 2888 ὑμέων.

387 2934 470 2992 Haec
492 2940 592 3011 aperte
615 2932 741 3009 genuina
762 2930 817 2989 fuit
837 2932 939 2991 forma.
968 2935 1107 2996 Fortasse
1129 2937 1273 2996 distichon
1294 2938 1368 2997 illud
1388 2946 1507 3017 accepto

389 3044 506 3101 oraculo
520 3045 576 3102 sub
592 3048 689 3101 statua
703 3042 796 3100 denuo
812 3050 909 3100 erecta
923 3045 1112 3106 scribebatur.

932 3288 960 3349 θ.

450 3425 569 3485 Anthol.
578 3424 643 3485 Pal.
656 3427 703 3483 14.
714 3403 731 3483 l
738 3428 751 3483 1
769 3417 849 3504 (tom.
861 3426 891 3483 Π
902 3446 931 3502 p.
942 3425 1002 3484 566
1014 3418 1150 3504 Iamba).
1170 3417 1311 3511 Χρησμθς
1322 3434 1378 3500 τῆς
1385 3424 1506 3501 Πυθίας.

539 3561 624 3632 Ἃγνθς
643 3560 673 3621 εἰς
686 3562 784 3632 τέμενος
802 3562 923 3631 καθαρός,
943 3561 1003 3629 ξένε,
1023 3561 1138 3630 δαίμονος
1156 3558 1230 3630 ἔρχου

591 3654 684 3725 ψυχήν,
703 3654 824 3725 νυμραίου
841 3652 949 3724 νάματος
968 3651 1103 3723 ἁψάμενος·

540 3747 573 3808 ὡς
592 3745 700 3817 ἀγαθοῖς
712 3752 788 3800 κεῖται
807 3748 862 3817 βαιὴ
881 3746 964 3816 λιβάς·
983 3744 1060 3816 ἄνδρα
1078 3744 1104 3797 δὲ
1122 3745 1217 3816 φαῦλον

591 3841 643 3892 οὐδ’
657 3842 685 3893 ἂν
704 3840 717 3893 ὁ
736 3844 782 3901 πᾶς
794 3841 861 3912 νίψαι
878 3839 981 3912 νάμασιν
999 3838 1123 3900 Ὠκεανός.

386 3975 561 4048 Priusquam
577 3976 613 4031 de
629 3976 751 4053 singulis
767 3976 875 4047 dicam,
891 3975 1083 4036 imitationem
1098 3976 1189 4035 affero
1203 3995 1222 4033 a
1236 3976 1355 4036 Piccolo
1372 3972 1508 4058 (comple-

388 4092 468 4141 ment
479 4084 515 4141 de
528 4084 666 4141 l'Anthol.
680 4104 812 4161 grecque.
825 4086 922 4145 Paris.
935 4088 1024 4146 1853.
1039 4088 1067 4145 8.
1080 4107 1108 4163 p.
1120 4080 1189 4164 187)
1202 4105 1237 4143 ex
1248 4087 1311 4146 cod.
1324 4088 1407 4150 Flor.
1419 4091 1508 4149 Laur.

387 4193 480 4269 plutei
496 4195 534 4253 37
551 4192 697 4251 tricesimo
712 4195 837 4253 seeundo
852 4196 974 4253 editam:

455 4424 468 4451 *
485 4424 605 4477 Statuam
624 4440 731 4476 aeneam
748 4422 842 4476 Athen.
855 4424 894 4478 10.
908 4425 958 4476 41⁶2
968 4424 991 4478 d.
1009 4425 1139 4481 describit.
1158 4427 1308 4479 certaverat
1319 4428 1459 4501 Olympiae
1476 4432 1509 4486 ol.

387 4505 482 4590 76377.
495 4508 535 4561 78.
549 4509 581 4563 79
600 4515 703 4562 auctore
720 4509 795 4563 Paus.
813 4509 837 4562 6.
851 4510 874 4561 6.
888 4509 912 4560 2.
