3592 5400
344 531 403 595 182
654 509 658 515 s
824 547 915 588 ursan
936 547 980 586 111.

410 696 609 765 1Εὐσεβέστοιτον
628 691 675 765 ἄρα
693 690 737 763 ἔφη
757 692 844 761 αὐτόν,
867 692 908 743 καλ
931 690 974 758 τὴν
993 689 1073 760 ψυχὴν
1092 687 1181 757 αὐτοῦ,
1205 687 1316 758 καθάπερ
1340 688 1398 740 καλά
1416 692 1466 739 τῶν

343 790 453 860 ἄλλωνθ,
473 787 533 861 μετὰ
546 787 648 840 θάνατον
661 786 895 852 ἀπαθαναπισθῆναι,
909 786 938 852 ἣν
951 784 1028 852 σέβειν
1041 783 1190 852 ἀγνοοῦντας
1202 781 1259 844 τοὺς
1272 783 1441 852 Χριστιανούς.

407 883 678 975 Ἐπερωτησάντων
695 873 742 964 θ’,
760 872 809 944 θεά
823 881 852 944 τί
867 878 1035 960 ἐκολάσθη,
1052 886 1186 967 ἔχρησεν·

375 1005 445 1064 320.
469 996 565 1085 Σῶμα
580 994 632 1083 pha
648 983 821 1082 άθρανέσιν4
836 990 975 1074 βασάνοις
990 990 1047 1053 αἰεὶ
1061 989 1296 1078 προβέβληταιῧ·

468 1105 546 1195 ψυχὴ
563 1094 588 1168 θ’
600 1101 762 1187 εὐσεβέων6
778 1108 817 1177 εἰς
832 1100 966 1190 οὐράνιον
981 1090 1071 1164 πέδον
1085 1091 1149 1175 ἵζευ

407 1225 490 1299 Quae
505 1229 660 1299 postquam
675 1219 762 1279 vertit
772 1220 954 1298 Augustinus
969 1220 1042 1275 haec
1054 1218 1135 1275 addit
1146 1219 1184 1276 ab
1196 1218 1327 1277 Eusebio
1341 1219 1462 1276 omissa:

345 1336 420 1410 „Ilia
433 1354 500 1392 vero
515 1333 613 1391 anima
627 1331 694 1390 aliis
710 1331 863 1388 animabus
878 1329 1008 1387 fataliter
1022 1328 1115 1398 dedit,
1136 1328 1243 1403 quibus
1262 1328 1325 1385 fata
1339 1349 1396 1387 non
1412 1348 1463 1385 an·

342 1451 466 1503 uuerunt
480 1444 600 1501 deorum
616 1441 745 1498 obtinere
761 1441 850 1509 dona,
870 1458 965 1515 neque
979 1439 1087 1497 habere
1100 1439 1179 1497 Iovis
1194 1439 1370 1497 immortalis
1385 1440 1461 1516 agni-

342 1554 465 1622 tionem,
486 1544 768 1626 e1·roreimplicari⁷.
795 1551 957 1626 Propterea
976 1570 1043 1627 ergo
1064 1549 1119 1607 diis
1136 1550 1230 1607 exosi:
1253 1550 1339 1624 quia,
1360 1550 1460 1625 quibus

341 1664 402 1722 fato
417 1682 475 1720 nou
490 1662 544 1719 fuit
559 1680 647 1719 nosse
662 1661 761 1731 deum,
778 1680 833 1719 nec
848 1662 923 1718 dona
939 1681 957 1717 a
972 1661 1028 1718 diis
1044 1661 1191 1736 accipere,
1207 1660 1254 1718 his
1270 1659 1403 1718 fataliter
1416 1661 1459 1717 de·

343 1773 386 1833 dit
401 1773 458 1831 iste
473 1791 569 1829 errore
584 1768 758 1848 implicaris*
1074 1772 1092 1814 ἱ
1178 1751 1182 1762 ’

406 1884 552 1941 Eusebius
566 1882 675 1960 pergit:

409 1986 456 2037 lta
474 1983 578 2055 ἐπιλέγει
596 1982 656 2054 μετά
674 1984 716 2036 τον
735 1983 849 2055 χρησμὸν
868 1983 932 2049 ἑξῆς·

405 2080 504 2155 Αὐπθς
519 2073 569 2144 οὖν
585 2081 706 2164 εὐσεβὴς
721 2081 771 2142 καὶ
786 2086 825 2154 εἰς
841 2077 990 2168 οὐρανούς,
1007 2079 1104 2167 ὥσπερ
1121 2083 1148 2140 οἱ
1164 2080 1304 2162 εὐσεβεῖς,
1320 2080 1456 2167 χωρήσας

343 2194 421 2257 ὥστε
444 2201 553 2257 τοῦτον
574 2190 627 2277 μὲν
648 2195 681 2254 οὐ
699 2189 937 2279 βλασφημήσας,
959 2189 1089 2262 ἐλεήσεις
1105 2178 1139 2252 di
1152 2199 1214 2252 τῶν
1230 2186 1396 2274 ἀνθρώπων
1409 2189 1456 2260 τάν

343 2300 472 2367 άνοιανθ.

411 2445 419 2478 ¹
438 2443 602 2513 Augustinus
619 2444 717 2519 pergit:
739 2443 839 2496 Deinde
861 2448 923 2513 post
940 2444 1019 2496 verba
1036 2443 1114 2496 huius
1133 2444 1207 2512 quasi
1226 2441 1325 2497 oraculi
1343 2461 1393 2498 sua
1408 2446 1455 2514 ipse

342 2534 496 2582 contexens:
518 2529 682 2592 „Piissimum
699 2530 780 2598 igitur
797 2529 911 2592 virum,“
931 2530 1029 2598 inquit,
1050 2546 1126 2593 „eum
1143 2529 1211 2580 dixit
1226 2534 1252 2581 et
1269 2531 1326 2583 eius
1340 2532 1455 2592 animam,

342 2615 409 2666 sicut
426 2619 452 2667 et
470 2616 580 2667 ahorum
597 2616 736 2685 piorum,
759 2618 821 2683 post
844 2614 944 2667 obitum
967 2615 1162 2668 immortalitate
1186 2614 1325 2680 donatam,
1351 2622 1377 2669 et-
1397 2616 1455 2668 hanc

343 2700 434 2753 coleres
445 2698 605 2754 Christianos
624 2700 800 2770 ignorantes.“

411 2784 480 2836 θκοιλ
499 2803 550 2840 om.
570 2786 625 2838 cod.
645 2785 730 2840 Oxou.

410 2868 479 2921 ³Ex
496 2871 644 2938 Augustino
662 2871 764 2923 videtur
782 2871 901 2940 εὐσεβέων
919 2887 975 2924 esse
993 2871 1175 2936 inserendum
1198 2889 1284 2941 neque
1307 2873 1379 2926 enim
1399 2874 1456 2926 alias

342 2950 383 3003 hic
401 2954 511 3021 scriptor
529 2954 672 3022 quidquam
689 2956 837 3024 explicandi
855 2972 936 3008 causa
953 2957 1058 3020 adiecit,
1079 2974 1164 3027 neque
1182 2958 1301 3010 omnium
1318 2958 1455 3021 hominum,

309 3074 311 3079 s
343 3036 420 3087 etiam
437 3053 592 3105 pravorum,
610 3039 711 3091 animas
729 3039 886 3109 Porphyrius
904 3042 1128 3094 immortalitatem
1145 3044 1251 3111 assequi
1269 3046 1401 3099 censebat.

410 3121 421 3154 ⁴
438 3121 615 3191 Augustinus:
640 3124 878 3194 „Interrogantibus
897 3132 1014 3192 autem,“
1032 3128 1132 3196 inquit,
1157 3144 1219 3193 „cur
1242 3144 1307 3197 ergo
1326 3130 1456 3183 damnatus

342 3209 398 3257 est?
417 3208 520 3259 oraculo
539 3209 672 3278 respondit
690 3209 759 3261 dea:
785 3209 884 3280 Corpus
904 3212 1009 3281 quidem
1028 3212 1222 3265 debilitantibus
1239 3217 1380 3268 tormentis
1397 3232 1455 3269 sem·

341 3307 387 3360 per
405 3293 554 3384 oppositum
572 3299 622 3345 est:
641 3294 730 3347 anima
748 3301 836 3347 autem
853 3292 957 3365 piorum
975 3297 1081 3353 coelesti
1099 3298 1154 3349 sedi
1171 3297 1294 3353 insidet.“
1318 3302 1367 3354 Hic
1384 3301 1456 3371 igitur

341 3373 446 3445 ἀδρανής
463 3379 490 3430 vi
507 3379 593 3431 activa
616 3379 713 3432 dictum
736 3382 844 3433 censuit.
880 3380 931 3434 Sed
955 3382 981 3433 id
1002 3384 1089 3452 potius
1112 3382 1262 3451 significare
1284 3386 1399 3451 videtur,
1420 3385 1457 3436 cui

342 3460 460 3514 debilitas
483 3469 510 3516 et
529 3465 624 3517 inertia
647 3481 681 3517 ex
703 3467 815 3518 materia
837 3464 966 3519 inhaeret:
991 3467 1080 3536 itaque
1104 3469 1250 3521 tentamina
1273 3472 1455 3541 cruciatusque,

342 3562 408 3613 quae
426 3553 552 3601 auctura
570 3551 685 3603 terrestri
702 3550 924 3620 proficiscantur:

410 3631 420 3663 ⁵
439 3633 593 3701 προβέβλητο
611 3636 668 3689 Par.
824 3636 835 3669 ⁸
853 3634 959 3704 εὐσεβῶν
977 3637 1034 3689 Par.

409 3715 419 3749 ⁷
437 3716 507 3772 Fort.
544 3716 630 3780 ἄλλαις
649 3719 675 3771 δὲ
693 3720 783 3790 ψυχαῖς
802 3720 864 3771 κατὰ
882 3724 971 3792 μοῖραν
989 3718 1080 3773 ἔδωκεν
1098 3720 1188 3793 ἐκείνη,

544 3797 580 3863 αἶς
598 3803 644 3875 κὴρ
663 3803 692 3855 οὐ
711 3806 836 3857 κατένευσε
855 3804 917 3857 θεῶν
935 3804 984 3858 ἀπὸ
1003 3808 1073 3877 δῶρα
1091 3807 1217 3878 φέρεσθαι,

544 3887 596 3939 οὐδ’
609 3888 694 3959 ἐχέμεν
713 3889 769 3951 Διὸς
788 3888 908 3943 ἀθανάτου
927 3894 1030 3962 γνῶσιν,
1049 3893 1207 3947 καταδεῖσθαι

544 3968 679 4041 ἀμπλακίῃ.

340 4051 406 4105 Hinc
423 4051 559 4122 Porphyrii
576 4059 704 4111 enarratio
722 4060 820 4130 incipit.

409 4138 419 4172 ⁸
436 4137 506 4189 Haec
524 4140 604 4191 rerba
621 4158 655 4193 ex
672 4143 821 4212 Augustino
840 4148 971 4217 suppleri,
993 4149 1039 4217 qui
1057 4148 1104 4201 aits
1124 4150 1198 4219 „Ipse
1215 4166 1277 4203 vero
1295 4153 1367 4222 pius,
1391 4159 1415 4205 et
1431 4152 1455 4203 iu

340 4224 455 4286 coelum,
474 4223 542 4276 sicut
558 4225 607 4294 pii,
626 4229 761 4281 concessit.
788 4230 879 4300 Itaque
891 4231 960 4284 hunc
973 4234 1079 4303 quidem
1090 4252 1144 4287 non
1155 4235 1366 4305 blasphemabis,
1383 4238 1454 4290 mise

339 4308 436 4360 reberis
455 4313 542 4362 autem
555 4308 690 4364 hominum
706 4313 876 4380 dementiam,
895 4333 933 4368 ex
951 4334 986 4370 eo
1004 4320 1037 4371 iu
1055 4320 1101 4372 eis
1118 4320 1223 4373 facile
1240 4337 1454 4395 praecepsque

339 4393 542 4460 periculum.“
571 4394 645 4458 Quod
663 4415 679 4449 a
696 4397 860 4451 misereberis
878 4401 985 4470 pendet3
1008 4405 1153 4472 periculum
1170 4423 1205 4458 ex
1222 4406 1324 4460 Christo
1341 4408 1370 4461 iu
1388 4406 1454 4460 Chri·

341 4476 440 4528 stianos
458 4494 550 4545 ruens,
571 4482 589 4535 i.
603 4498 624 4534 e.
644 4499 677 4534 ex
696 4482 791 4536 Christi
808 4484 903 4537 virtute
920 4486 949 4537 iu
967 4486 1173 4543 Christianorum
1194 4492 1353 4560 imperitiam
1369 4508 1466 4564 proce·-

341 4560 411 4616 dcns.
430 4561 520 4620 Verto;
539 4565 581 4621 πον
600 4564 625 4632 ἐξ
642 4565 718 4621 αὐτοῦ
736 4565 760 4619 ἐν
780 4568 861 4633 αὐτοῖς
880 4570 990 4644 προπετῆ
1008 4571 1137 4648 ἀπότορόν
1154 4566 1180 4627 τε
1197 4574 1316 4633 κίνδυνον.
