<?xml version="1.0" encoding="UTF-8"?>
<!DOCTYPE html PUBLIC "-//W3C//DTD XHTML 1.0 Transitional//EN"
    "http://www.w3.org/TR/xhtml1/DTD/xhtml1-transitional.dtd">
<html xmlns="http://www.w3.org/1999/xhtml" xml:lang="en" lang="en">
 <head>
  <title>
</title>
<meta http-equiv="Content-Type" content="text/html;charset=utf-8" />
  <meta name='ocr-system' content='tesseract 3.04.00' />
  <meta name='ocr-capabilities' content='ocr_page ocr_carea ocr_par ocr_line ocrx_word'/>
</head>
<body>
  <div class='ocr_page' id='page_1' title='image "./pamphletsonaris00porpgoog_0197.png"; bbox 0 0 3592 5400; ppageno 0'>
   <div class='ocr_carea' id='block_1_1' title="bbox 628 538 1189 585">
    <p class='ocr_par' dir='ltr' id='par_1_1' title="bbox 628 538 1189 585">
     <span class='ocr_line' id='line_1_1' title="bbox 628 538 1189 585; baseline 0.005 -3"><span class='ocrx_word' id='word_1_1' title='bbox 628 538 725 583; x_wconf 69' lang='lat' dir='ltr'>corut</span> <span class='ocrx_word' id='word_1_2' title='bbox 739 540 767 583; x_wconf 86' lang='lat' dir='ltr'>V.</span> <span class='ocrx_word' id='word_1_3' title='bbox 790 540 833 582; x_wconf 68' lang='lat' dir='ltr'>Db·</span> <span class='ocrx_word' id='word_1_4' title='bbox 848 538 1054 584; x_wconf 71' lang='lat' dir='ltr'>onacuconmt</span> <span class='ocrx_word' id='word_1_5' title='bbox 1068 540 1189 585; x_wconf 67' lang='lat' dir='ltr'>imm.</span> 
     </span>
    </p>
   </div>
   <div class='ocr_carea' id='block_1_2' title="bbox 338 697 1561 3386">
    <p class='ocr_par' dir='ltr' id='par_1_2' title="bbox 500 697 1213 1305">
     <span class='ocr_line' id='line_1_2' title="bbox 892 697 921 753; baseline -0.069 0"><span class='ocrx_word' id='word_1_6' title='bbox 892 697 921 753; x_wconf 78' lang='lat'>3.</span> 
     </span>
     <span class='ocr_line' id='line_1_3' title="bbox 660 811 1162 914; baseline 0.004 -30"><span class='ocrx_word' id='word_1_7' title='bbox 660 811 826 910; x_wconf 75' lang='grc' dir='ltr'>Σαράπιδος</span> <span class='ocrx_word' id='word_1_8' title='bbox 839 823 971 913; x_wconf 65' lang='grc' dir='ltr'>χρησμός</span> <span class='ocrx_word' id='word_1_9' title='bbox 985 822 1162 914; x_wconf 68' lang='grc' dir='ltr'>Τιριαινέτῳ.</span> 
     </span>
     <span class='ocr_line' id='line_1_4' title="bbox 501 950 1193 1026; baseline 0.004 -20"><span class='ocrx_word' id='word_1_10' title='bbox 501 950 589 1024; x_wconf 59' lang='lat' dir='ltr'>‘Aprica</span> <span class='ocrx_word' id='word_1_11' title='bbox 607 959 691 1025; x_wconf 71' lang='grc' dir='ltr'>χεῖρας</span> <span class='ocrx_word' id='word_1_12' title='bbox 709 953 774 1026; x_wconf 77' lang='grc' dir='ltr'>ἔχων</span> <span class='ocrx_word' id='word_1_13' title='bbox 793 955 833 1007; x_wconf 77' lang='grc' dir='ltr'>καί</span> <span class='ocrx_word' id='word_1_14' title='bbox 851 961 908 1007; x_wconf 82' lang='grc' dir='ltr'>νοῦν</span> <span class='ocrx_word' id='word_1_15' title='bbox 926 954 965 1008; x_wconf 71' lang='grc' dir='ltr'>ἐπὶ</span> <span class='ocrx_word' id='word_1_16' title='bbox 982 956 1097 1026; x_wconf 76' lang='grc' dir='ltr'>γλῶτταν</span> <span class='ocrx_word' id='word_1_17' title='bbox 1115 955 1193 1024; x_wconf 76' lang='grc' dir='ltr'>ἀληθῆ</span> 
     </span>
     <span class='ocr_line' id='line_1_5' title="bbox 551 1045 1114 1120; baseline 0.005 -22"><span class='ocrx_word' id='word_1_18' title='bbox 551 1046 633 1116; x_wconf 84' lang='grc' dir='ltr'>εἴσιθι,</span> <span class='ocrx_word' id='word_1_19' title='bbox 652 1047 686 1118; x_wconf 69' lang='grc' dir='ltr'>μὴ</span> <span class='ocrx_word' id='word_1_20' title='bbox 704 1047 827 1118; x_wconf 74' lang='grc' dir='ltr'><strong>λοετροῖς,</strong></span> <span class='ocrx_word' id='word_1_21' title='bbox 847 1045 912 1099; x_wconf 74' lang='grc' dir='ltr'>ἁλλὰ</span> <span class='ocrx_word' id='word_1_22' title='bbox 929 1050 981 1118; x_wconf 85' lang='grc' dir='ltr'>νόῳ</span> <span class='ocrx_word' id='word_1_23' title='bbox 1000 1050 1114 1120; x_wconf 80' lang='grc' dir='ltr'>καθαρός.</span> 
     </span>
     <span class='ocr_line' id='line_1_6' title="bbox 500 1137 1213 1212; baseline 0.003 -19"><span class='ocrx_word' id='word_1_24' title='bbox 500 1139 569 1211; x_wconf 78' lang='grc' dir='ltr'>ἀρκεῖ</span> <span class='ocrx_word' id='word_1_25' title='bbox 585 1138 633 1210; x_wconf 69' lang='grc' dir='ltr'>γάρ</span> <span class='ocrx_word' id='word_1_26' title='bbox 652 1140 673 1191; x_wconf 79' lang='grc' dir='ltr'>θ’</span> <span class='ocrx_word' id='word_1_27' title='bbox 686 1137 762 1200; x_wconf 79' lang='grc' dir='ltr'>ὁσίοις</span> <span class='ocrx_word' id='word_1_28' title='bbox 774 1140 840 1211; x_wconf 68' lang='grc' dir='ltr'>ῥανὶς</span> <span class='ocrx_word' id='word_1_29' title='bbox 858 1142 961 1202; x_wconf 70' lang='grc' dir='ltr'>ὓδατος·</span> <span class='ocrx_word' id='word_1_30' title='bbox 980 1139 1057 1212; x_wconf 78' lang='grc' dir='ltr'>ἄνδρα</span> <span class='ocrx_word' id='word_1_31' title='bbox 1074 1143 1101 1195; x_wconf 70' lang='grc' dir='ltr'>δὲ</span> <span class='ocrx_word' id='word_1_32' title='bbox 1118 1143 1213 1212; x_wconf 78' lang='grc' dir='ltr'>φαῦλον</span> 
     </span>
     <span class='ocr_line' id='line_1_7' title="bbox 550 1231 1134 1305; baseline 0.005 -20"><span class='ocrx_word' id='word_1_33' title='bbox 550 1233 603 1285; x_wconf 77' lang='grc' dir='ltr'>οὐδ’</span> <span class='ocrx_word' id='word_1_34' title='bbox 622 1234 650 1284; x_wconf 81' lang='grc' dir='ltr'>ἂν</span> <span class='ocrx_word' id='word_1_35' title='bbox 669 1231 683 1284; x_wconf 82' lang='grc' dir='ltr'>ὁ</span> <span class='ocrx_word' id='word_1_36' title='bbox 701 1235 747 1294; x_wconf 73' lang='grc' dir='ltr'>πᾶς</span> <span class='ocrx_word' id='word_1_37' title='bbox 765 1233 853 1286; x_wconf 84' lang='grc' dir='ltr'>λοόσαι</span> <span class='ocrx_word' id='word_1_38' title='bbox 870 1235 991 1305; x_wconf 76' lang='grc' dir='ltr'>χείμασιν</span> <span class='ocrx_word' id='word_1_39' title='bbox 1008 1234 1134 1297; x_wconf 78' lang='grc' dir='ltr'>Ὠκεανός.</span> 
     </span>
    </p>

    <p class='ocr_par' dir='ltr' id='par_1_3' title="bbox 341 1343 1478 2410">
     <span class='ocr_line' id='line_1_8' title="bbox 409 1343 1464 1427; baseline 0.006 -25"><span class='ocrx_word' id='word_1_40' title='bbox 409 1346 488 1402; x_wconf 86' lang='lat' dir='ltr'>Ecce</span> <span class='ocrx_word' id='word_1_41' title='bbox 508 1345 564 1402; x_wconf 89' lang='lat' dir='ltr'>duo</span> <span class='ocrx_word' id='word_1_42' title='bbox 584 1343 713 1405; x_wconf 83' lang='lat' dir='ltr'>carmina</span> <span class='ocrx_word' id='word_1_43' title='bbox 732 1345 861 1402; x_wconf 90' lang='lat' dir='ltr'>eiusdem</span> <span class='ocrx_word' id='word_1_44' title='bbox 881 1347 1058 1420; x_wconf 78' lang='lat' dir='ltr'>argumenti,</span> <span class='ocrx_word' id='word_1_45' title='bbox 1083 1349 1299 1406; x_wconf 84' lang='lat' dir='ltr'>accommodata</span> <span class='ocrx_word' id='word_1_46' title='bbox 1317 1351 1464 1427; x_wconf 82' lang='lat' dir='ltr'>Apollinis</span> 
     </span>
     <span class='ocr_line' id='line_1_9' title="bbox 343 1426 1464 1530; baseline 0.004 -18"><span class='ocrx_word' id='word_1_47' title='bbox 343 1455 481 1530; x_wconf 86' lang='lat' dir='ltr'>Iovisque</span> <span class='ocrx_word' id='word_1_48' title='bbox 503 1453 654 1530; x_wconf 85' lang='lat' dir='ltr'>Sarapidis</span> <span class='ocrx_word' id='word_1_49' title='bbox 677 1455 820 1529; x_wconf 87' lang='lat' dir='ltr'>personis.</span> <span class='ocrx_word' id='word_1_50' title='bbox 868 1456 970 1512; x_wconf 81' lang='lat' dir='ltr'>Altero</span> <span class='ocrx_word' id='word_1_51' title='bbox 991 1455 1178 1514; x_wconf 82' lang='lat' dir='ltr'>confirmatur</span> <span class='ocrx_word' id='word_1_52' title='bbox 1201 1426 1334 1517; x_wconf 82' lang='lat' dir='ltr'>Iacobsii</span> <span class='ocrx_word' id='word_1_53' title='bbox 1351 1460 1464 1517; x_wconf 83' lang='lat' dir='ltr'>coniec-</span> 
     </span>
     <span class='ocr_line' id='line_1_10' title="bbox 344 1563 1464 1646; baseline 0.005 -25"><span class='ocrx_word' id='word_1_54' title='bbox 344 1575 425 1634; x_wconf 82' lang='lat' dir='ltr'>tura,</span> <span class='ocrx_word' id='word_1_55' title='bbox 451 1584 504 1640; x_wconf 91' lang='lat' dir='ltr'>pro</span> <span class='ocrx_word' id='word_1_56' title='bbox 529 1569 629 1622; x_wconf 84' lang='grc' dir='ltr'>κεῖται</span> <span class='ocrx_word' id='word_1_57' title='bbox 654 1566 711 1623; x_wconf 88' lang='lat' dir='ltr'>v.3</span> <span class='ocrx_word' id='word_1_58' title='bbox 738 1565 923 1622; x_wconf 90' lang='lat' dir='ltr'>scribendum</span> <span class='ocrx_word' id='word_1_59' title='bbox 948 1584 1013 1623; x_wconf 89' lang='lat' dir='ltr'>esse</span> <span class='ocrx_word' id='word_1_60' title='bbox 1039 1563 1132 1646; x_wconf 78' lang='grc' dir='ltr'>ἀρκεῖ.</span> <span class='ocrx_word' id='word_1_61' title='bbox 1173 1567 1327 1626; x_wconf 74' lang='lat' dir='ltr'><strong>Librarius</strong></span> <span class='ocrx_word' id='word_1_62' title='bbox 1350 1569 1464 1627; x_wconf 82' lang='lat' dir='ltr'>videtur</span> 
     </span>
     <span class='ocr_line' id='line_1_11' title="bbox 344 1674 1463 1756; baseline 0.005 -26"><span class='ocrx_word' id='word_1_63' title='bbox 344 1676 508 1732; x_wconf 87' lang='lat' dir='ltr'>litterarum</span> <span class='ocrx_word' id='word_1_64' title='bbox 523 1691 560 1756; x_wconf 88' lang='grc' dir='ltr'>αρ</span> <span class='ocrx_word' id='word_1_65' title='bbox 580 1674 781 1750; x_wconf 84' lang='lat' dir='ltr'>compendium</span> <span class='ocrx_word' id='word_1_66' title='bbox 802 1694 890 1751; x_wconf 88' lang='lat' dir='ltr'>supra</span> <span class='ocrx_word' id='word_1_67' title='bbox 909 1679 960 1732; x_wconf 84' lang='grc' dir='ltr'>κεῖ</span> <span class='ocrx_word' id='word_1_68' title='bbox 972 1676 1111 1751; x_wconf 87' lang='lat' dir='ltr'>scriptum</span> <span class='ocrx_word' id='word_1_69' title='bbox 1131 1694 1195 1733; x_wconf 85' lang='lat' dir='ltr'>cum</span> <span class='ocrx_word' id='word_1_70' title='bbox 1216 1679 1305 1736; x_wconf 81' lang='lat' dir='ltr'>simili</span> <span class='ocrx_word' id='word_1_71' title='bbox 1326 1679 1463 1737; x_wconf 86' lang='lat' dir='ltr'>termina·</span> 
     </span>
     <span class='ocr_line' id='line_1_12' title="bbox 343 1782 1462 1860; baseline 0.005 -20"><span class='ocrx_word' id='word_1_72' title='bbox 343 1785 434 1841; x_wconf 90' lang='lat' dir='ltr'>tionis</span> <span class='ocrx_word' id='word_1_73' title='bbox 449 1801 501 1840; x_wconf 86' lang='grc' dir='ltr'>ται</span> <span class='ocrx_word' id='word_1_74' title='bbox 516 1784 685 1860; x_wconf 90' lang='lat' dir='ltr'>compendio</span> <span class='ocrx_word' id='word_1_75' title='bbox 700 1784 933 1842; x_wconf 80' lang='lat' dir='ltr'>commutavisse.</span> <span class='ocrx_word' id='word_1_76' title='bbox 952 1820 988 1827; x_wconf 92' lang='lat'>—</span> <span class='ocrx_word' id='word_1_77' title='bbox 1005 1785 1041 1842; x_wconf 90' lang='lat' dir='ltr'>V.</span> <span class='ocrx_word' id='word_1_78' title='bbox 1058 1788 1072 1842; x_wconf 94' lang='grc'>1</span> <span class='ocrx_word' id='word_1_79' title='bbox 1090 1782 1232 1844; x_wconf 83' lang='lat' dir='ltr'>Orviliius</span> <span class='ocrx_word' id='word_1_80' title='bbox 1253 1795 1282 1843; x_wconf 88' lang='lat' dir='ltr'>et</span> <span class='ocrx_word' id='word_1_81' title='bbox 1297 1787 1462 1846; x_wconf 86' lang='lat' dir='ltr'>Bruuckius</span> 
     </span>
     <span class='ocr_line' id='line_1_13' title="bbox 343 1885 1462 1978; baseline 0.003 -29"><span class='ocrx_word' id='word_1_82' title='bbox 343 1892 456 1977; x_wconf 76' lang='grc' dir='ltr'>ἁγνῶς,</span> <span class='ocrx_word' id='word_1_83' title='bbox 478 1893 628 1952; x_wconf 85' lang='lat' dir='ltr'>lacobsius</span> <span class='ocrx_word' id='word_1_84' title='bbox 644 1887 732 1978; x_wconf 76' lang='grc' dir='ltr'>ἁγνός</span> <span class='ocrx_word' id='word_1_85' title='bbox 747 1885 809 1977; x_wconf 80' lang='grc' dir='ltr'>ἄγ’,</span> <span class='ocrx_word' id='word_1_86' title='bbox 824 1901 926 1970; x_wconf 83' lang='lat' dir='ltr'>postea</span> <span class='ocrx_word' id='word_1_87' title='bbox 941 1894 1105 1951; x_wconf 85' lang='lat' dir='ltr'>Brunckius</span> <span class='ocrx_word' id='word_1_88' title='bbox 1121 1901 1150 1949; x_wconf 87' lang='lat' dir='ltr'>et</span> <span class='ocrx_word' id='word_1_89' title='bbox 1164 1895 1314 1953; x_wconf 87' lang='lat' dir='ltr'>Iacobsius</span> <span class='ocrx_word' id='word_1_90' title='bbox 1329 1888 1462 1978; x_wconf 85' lang='grc' dir='ltr'>καθαροῦ</span> 
     </span>
     <span class='ocr_line' id='line_1_14' title="bbox 342 1996 1461 2086; baseline 0.002 -27"><span class='ocrx_word' id='word_1_91' title='bbox 342 2003 542 2074; x_wconf 84' lang='lat' dir='ltr'>coniecerunt3</span> <span class='ocrx_word' id='word_1_92' title='bbox 557 2023 709 2080; x_wconf 83' lang='lat' dir='ltr'>perperam</span> <span class='ocrx_word' id='word_1_93' title='bbox 720 2003 853 2061; x_wconf 88' lang='lat' dir='ltr'>Piceolos</span> <span class='ocrx_word' id='word_1_94' title='bbox 864 2024 893 2079; x_wconf 90' lang='lat' dir='ltr'>p.</span> <span class='ocrx_word' id='word_1_95' title='bbox 911 2005 968 2061; x_wconf 82' lang='lat'>188</span> <span class='ocrx_word' id='word_1_96' title='bbox 985 1997 1074 2086; x_wconf 75' lang='grc' dir='ltr'>ἁγνός</span> <span class='ocrx_word' id='word_1_97' title='bbox 1088 1996 1144 2060; x_wconf 83' lang='grc' dir='ltr'>ἐὼν</span> <span class='ocrx_word' id='word_1_98' title='bbox 1155 1997 1277 2086; x_wconf 74' lang='grc' dir='ltr'>τέμενος</span> <span class='ocrx_word' id='word_1_99' title='bbox 1287 1997 1461 2086; x_wconf 86' lang='grc' dir='ltr'>τόπαρος...</span> 
     </span>
     <span class='ocr_line' id='line_1_15' title="bbox 343 2097 1478 2196; baseline -0.001 -24"><span class='ocrx_word' id='word_1_100' title='bbox 343 2112 459 2172; x_wconf 84' lang='lat' dir='ltr'>Sufficit</span> <span class='ocrx_word' id='word_1_101' title='bbox 474 2110 580 2196; x_wconf 76' lang='grc' dir='ltr'>ἁγνοῦ,</span> <span class='ocrx_word' id='word_1_102' title='bbox 600 2113 630 2171; x_wconf 90' lang='lat' dir='ltr'>id</span> <span class='ocrx_word' id='word_1_103' title='bbox 644 2121 690 2171; x_wconf 87' lang='lat' dir='ltr'>est</span> <span class='ocrx_word' id='word_1_104' title='bbox 706 2097 851 2196; x_wconf 72' lang='grc' dir='ltr'>δαίμονος.</span> <span class='ocrx_word' id='word_1_105' title='bbox 885 2115 919 2171; x_wconf 85' lang='grc' dir='ltr'>Α.</span> <span class='ocrx_word' id='word_1_106' title='bbox 935 2111 1048 2171; x_wconf 84' lang='lat' dir='ltr'>Nauck.</span> <span class='ocrx_word' id='word_1_107' title='bbox 1064 2113 1152 2171; x_wconf 84' lang='lat' dir='ltr'>etiam</span> <span class='ocrx_word' id='word_1_108' title='bbox 1167 2107 1238 2195; x_wconf 85' lang='grc' dir='ltr'>πρός</span> <span class='ocrx_word' id='word_1_109' title='bbox 1252 2133 1305 2189; x_wconf 90' lang='lat' dir='ltr'>pro</span> <span class='ocrx_word' id='word_1_110' title='bbox 1321 2112 1360 2181; x_wconf 85' lang='grc' dir='ltr'>εἰς</span> <span class='ocrx_word' id='word_1_111' title='bbox 1375 2114 1478 2187; x_wconf 57' lang='lat' dir='ltr'>coni„</span> 
     </span>
     <span class='ocr_line' id='line_1_16' title="bbox 341 2215 1461 2306; baseline 0.002 -26"><span class='ocrx_word' id='word_1_112' title='bbox 341 2241 418 2297; x_wconf 88' lang='lat' dir='ltr'>quae</span> <span class='ocrx_word' id='word_1_113' title='bbox 433 2241 521 2298; x_wconf 85' lang='lat' dir='ltr'>saepe</span> <span class='ocrx_word' id='word_1_114' title='bbox 541 2222 763 2282; x_wconf 77' lang='lat' dir='ltr'>confunduntur.</span> <span class='ocrx_word' id='word_1_115' title='bbox 798 2221 884 2281; x_wconf 79' lang='lat' dir='ltr'>Certe</span> <span class='ocrx_word' id='word_1_116' title='bbox 900 2215 1029 2306; x_wconf 53' lang='grc' dir='ltr'>καθαρός</span> <span class='ocrx_word' id='word_1_117' title='bbox 1049 2224 1107 2282; x_wconf 87' lang='lat' dir='ltr'>iam</span> <span class='ocrx_word' id='word_1_118' title='bbox 1127 2225 1164 2282; x_wconf 89' lang='lat' dir='ltr'>ab</span> <span class='ocrx_word' id='word_1_119' title='bbox 1183 2223 1304 2282; x_wconf 85' lang='lat' dir='ltr'>alterius</span> <span class='ocrx_word' id='word_1_120' title='bbox 1325 2223 1461 2282; x_wconf 81' lang='lat' dir='ltr'>carminis</span> 
     </span>
     <span class='ocr_line' id='line_1_17' title="bbox 342 2333 634 2410; baseline 0 -19"><span class='ocrx_word' id='word_1_121' title='bbox 342 2340 462 2391; x_wconf 88' lang='lat' dir='ltr'>auctore</span> <span class='ocrx_word' id='word_1_122' title='bbox 475 2333 634 2410; x_wconf 84' lang='lat' dir='ltr'>legebatur.</span> 
     </span>
    </p>

    <p class='ocr_par' dir='ltr' id='par_1_4' title="bbox 407 2441 968 2519">
     <span class='ocr_line' id='line_1_18' title="bbox 407 2441 968 2519; baseline 0.005 -20"><span class='ocrx_word' id='word_1_123' title='bbox 407 2443 561 2500; x_wconf 80' lang='lat' dir='ltr'>Praecedit</span> <span class='ocrx_word' id='word_1_124' title='bbox 574 2462 623 2519; x_wconf 88' lang='lat' dir='ltr'>ap.</span> <span class='ocrx_word' id='word_1_125' title='bbox 639 2441 788 2501; x_wconf 89' lang='lat' dir='ltr'>Piccolum</span> <span class='ocrx_word' id='word_1_126' title='bbox 804 2445 968 2502; x_wconf 86' lang='lat' dir='ltr'>oraculum:</span> 
     </span>
    </p>

    <p class='ocr_par' dir='ltr' id='par_1_5' title="bbox 338 2542 1561 3386">
     <span class='ocr_line' id='line_1_19' title="bbox 364 2542 1431 2637; baseline 0 -28"><span class='ocrx_word' id='word_1_127' title='bbox 364 2544 552 2621; x_wconf 82' lang='grc' dir='ltr'>’Λπόλλωνος</span> <span class='ocrx_word' id='word_1_128' title='bbox 562 2547 692 2635; x_wconf 77' lang='grc' dir='ltr'>γρησμός</span> <span class='ocrx_word' id='word_1_129' title='bbox 704 2545 873 2635; x_wconf 79' lang='grc' dir='ltr'>Τιμαινέτῳ</span> <span class='ocrx_word' id='word_1_130' title='bbox 886 2548 1052 2636; x_wconf 59' lang='grc' dir='ltr'>φιλοσόφῳ)</span> <span class='ocrx_word' id='word_1_131' title='bbox 1069 2542 1103 2613; x_wconf 76' lang='grc' dir='ltr'>οὗ</span> <span class='ocrx_word' id='word_1_132' title='bbox 1118 2549 1168 2610; x_wconf 84' lang='grc' dir='ltr'>καὶ</span> <span class='ocrx_word' id='word_1_133' title='bbox 1183 2549 1243 2630; x_wconf 87' lang='grc' dir='ltr'>βίος</span> <span class='ocrx_word' id='word_1_134' title='bbox 1256 2547 1431 2637; x_wconf 77' lang='grc' dir='ltr'>γέγραπται</span> 
     </span>
     <span class='ocr_line' id='line_1_20' title="bbox 495 2660 1094 2733; baseline -0.002 -18"><span class='ocrx_word' id='word_1_135' title='bbox 495 2663 589 2733; x_wconf 85' lang='grc' dir='ltr'>Μοίρας</span> <span class='ocrx_word' id='word_1_136' title='bbox 606 2660 710 2715; x_wconf 81' lang='grc' dir='ltr'>ίλόισαου</span> <span class='ocrx_word' id='word_1_137' title='bbox 729 2663 832 2731; x_wconf 89' lang='grc' dir='ltr'>θυσίαις,</span> <span class='ocrx_word' id='word_1_138' title='bbox 851 2661 958 2716; x_wconf 81' lang='grc' dir='ltr'>λιτάνευε</span> <span class='ocrx_word' id='word_1_139' title='bbox 976 2663 1094 2733; x_wconf 78' lang='grc' dir='ltr'>Σὲραπιν·</span> 
     </span>
     <span class='ocr_line' id='line_1_21' title="bbox 496 2756 1120 2827; baseline 0.002 -19"><span class='ocrx_word' id='word_1_140' title='bbox 496 2756 569 2817; x_wconf 79' lang='grc' dir='ltr'>αὐτος</span> <span class='ocrx_word' id='word_1_141' title='bbox 587 2757 742 2827; x_wconf 24' lang='grc' dir='ltr'>γὰρὶμοῦνος</span> <span class='ocrx_word' id='word_1_142' title='bbox 760 2758 800 2808; x_wconf 74' lang='grc' dir='ltr'>καί</span> <span class='ocrx_word' id='word_1_143' title='bbox 818 2756 860 2817; x_wconf 79' lang='grc' dir='ltr'>τὰς</span> <span class='ocrx_word' id='word_1_144' title='bbox 878 2757 972 2827; x_wconf 84' lang='grc' dir='ltr'>Μοίρας</span> <span class='ocrx_word' id='word_1_145' title='bbox 991 2758 1120 2827; x_wconf 74' lang='grc' dir='ltr'>μεθοθεόει</span> 
     </span>
     <span class='ocr_line' id='line_1_22' title="bbox 340 2865 1460 2946; baseline 0.002 -21"><span class='ocrx_word' id='word_1_146' title='bbox 340 2868 425 2926; x_wconf 89' lang='lat' dir='ltr'>Nihil</span> <span class='ocrx_word' id='word_1_147' title='bbox 446 2868 572 2943; x_wconf 84' lang='lat' dir='ltr'>amplius</span> <span class='ocrx_word' id='word_1_148' title='bbox 592 2868 628 2925; x_wconf 91' lang='lat' dir='ltr'>de</span> <span class='ocrx_word' id='word_1_149' title='bbox 648 2868 823 2926; x_wconf 83' lang='lat' dir='ltr'>Timaeueto</span> <span class='ocrx_word' id='word_1_150' title='bbox 836 2867 952 2946; x_wconf 85' lang='lat' dir='ltr'>legitur.</span> <span class='ocrx_word' id='word_1_151' title='bbox 985 2865 1163 2927; x_wconf 87' lang='lat' dir='ltr'>Posterioris</span> <span class='ocrx_word' id='word_1_152' title='bbox 1185 2868 1291 2927; x_wconf 80' lang='lat' dir='ltr'>aetatis</span> <span class='ocrx_word' id='word_1_153' title='bbox 1312 2869 1460 2927; x_wconf 88' lang='lat' dir='ltr'>hominem</span> 
     </span>
     <span class='ocr_line' id='line_1_23' title="bbox 340 2961 1561 3061; baseline 0.002 -26"><span class='ocrx_word' id='word_1_154' title='bbox 340 2986 370 3035; x_wconf 88' lang='lat' dir='ltr'>et</span> <span class='ocrx_word' id='word_1_155' title='bbox 386 2961 541 3061; x_wconf 77' lang='grc' dir='ltr'>μεθοθεόω</span> <span class='ocrx_word' id='word_1_156' title='bbox 556 2979 666 3053; x_wconf 88' lang='lat' dir='ltr'>prodit,</span> <span class='ocrx_word' id='word_1_157' title='bbox 683 2986 771 3055; x_wconf 88' lang='lat' dir='ltr'>quum</span> <span class='ocrx_word' id='word_1_158' title='bbox 786 2998 839 3055; x_wconf 88' lang='lat' dir='ltr'>per</span> <span class='ocrx_word' id='word_1_159' title='bbox 856 2998 887 3037; x_wconf 90' lang='lat' dir='ltr'>se</span> <span class='ocrx_word' id='word_1_160' title='bbox 908 2979 1049 3037; x_wconf 87' lang='lat' dir='ltr'>novitium</span> <span class='ocrx_word' id='word_1_161' title='bbox 1064 2977 1248 3049; x_wconf 70' lang='lat' dir='ltr'>vocabulum,</span> <span class='ocrx_word' id='word_1_162' title='bbox 1269 2988 1330 3037; x_wconf 91' lang='lat' dir='ltr'>tum</span> <span class='ocrx_word' id='word_1_163' title='bbox 1345 2981 1393 3038; x_wconf 91' lang='lat' dir='ltr'>hic</span> <span class='ocrx_word' id='word_1_164' title='bbox 1407 3000 1460 3056; x_wconf 91' lang='lat' dir='ltr'>pro</span> <span class='ocrx_word' id='word_1_165' title='bbox 1555 3015 1561 3025; x_wconf 84' lang='lat'><em>—</em></span> 
     </span>
     <span class='ocr_line' id='line_1_24' title="bbox 340 3086 1459 3166; baseline 0.002 -21"><span class='ocrx_word' id='word_1_166' title='bbox 340 3089 466 3166; x_wconf 88' lang='lat' dir='ltr'>regendo</span> <span class='ocrx_word' id='word_1_167' title='bbox 481 3088 604 3158; x_wconf 84' lang='lat' dir='ltr'>dictum,</span> <span class='ocrx_word' id='word_1_168' title='bbox 620 3094 650 3145; x_wconf 90' lang='lat' dir='ltr'>et</span> <span class='ocrx_word' id='word_1_169' title='bbox 664 3107 786 3166; x_wconf 77' lang='lat' dir='ltr'>magnus</span> <span class='ocrx_word' id='word_1_170' title='bbox 797 3091 890 3147; x_wconf 91' lang='lat' dir='ltr'>honor</span> <span class='ocrx_word' id='word_1_171' title='bbox 900 3086 930 3146; x_wconf 92' lang='lat' dir='ltr'>in</span> <span class='ocrx_word' id='word_1_172' title='bbox 943 3088 1077 3166; x_wconf 83' lang='lat' dir='ltr'>Sarapim</span> <span class='ocrx_word' id='word_1_173' title='bbox 1090 3092 1221 3149; x_wconf 85' lang='lat' dir='ltr'>collatus.</span> <span class='ocrx_word' id='word_1_174' title='bbox 1244 3091 1275 3149; x_wconf 84' lang='lat' dir='ltr'>ls</span> <span class='ocrx_word' id='word_1_175' title='bbox 1288 3091 1359 3149; x_wconf 90' lang='lat' dir='ltr'>deus</span> <span class='ocrx_word' id='word_1_176' title='bbox 1371 3109 1459 3166; x_wconf 86' lang='lat' dir='ltr'>quum</span> 
     </span>
     <span class='ocr_line' id='line_1_25' title="bbox 338 3198 1458 3274; baseline 0.004 -19"><span class='ocrx_word' id='word_1_177' title='bbox 338 3218 358 3255; x_wconf 86' lang='lat' dir='ltr'>a</span> <span class='ocrx_word' id='word_1_178' title='bbox 372 3199 488 3256; x_wconf 90' lang='lat' dir='ltr'>nemine</span> <span class='ocrx_word' id='word_1_179' title='bbox 502 3198 596 3274; x_wconf 89' lang='lat' dir='ltr'>pluris</span> <span class='ocrx_word' id='word_1_180' title='bbox 614 3217 702 3274; x_wconf 83' lang='lat' dir='ltr'>quem</span> <span class='ocrx_word' id='word_1_181' title='bbox 721 3200 758 3256; x_wconf 89' lang='lat' dir='ltr'>ab</span> <span class='ocrx_word' id='word_1_182' title='bbox 772 3200 978 3258; x_wconf 85' lang='lat' dir='ltr'>Alexandrinis</span> <span class='ocrx_word' id='word_1_183' title='bbox 999 3202 1116 3259; x_wconf 84' lang='lat' dir='ltr'>habitus</span> <span class='ocrx_word' id='word_1_184' title='bbox 1136 3201 1188 3270; x_wconf 89' lang='lat' dir='ltr'>sit,</span> <span class='ocrx_word' id='word_1_185' title='bbox 1211 3208 1240 3257; x_wconf 90' lang='lat' dir='ltr'>et</span> <span class='ocrx_word' id='word_1_186' title='bbox 1254 3201 1458 3259; x_wconf 86' lang='lat' dir='ltr'>Timaenetum</span> 
     </span>
     <span class='ocr_line' id='line_1_26' title="bbox 339 3309 1183 3386; baseline -0.001 -19"><span class='ocrx_word' id='word_1_187' title='bbox 339 3317 369 3367; x_wconf 88' lang='lat' dir='ltr'>et</span> <span class='ocrx_word' id='word_1_188' title='bbox 383 3310 486 3367; x_wconf 90' lang='lat' dir='ltr'>horum</span> <span class='ocrx_word' id='word_1_189' title='bbox 501 3309 682 3367; x_wconf 83' lang='lat' dir='ltr'>oraculorum</span> <span class='ocrx_word' id='word_1_190' title='bbox 697 3316 844 3367; x_wconf 80' lang='lat' dir='ltr'>auctorem</span> <span class='ocrx_word' id='word_1_191' title='bbox 857 3310 1073 3368; x_wconf 83' lang='lat' dir='ltr'>Alexandrinos</span> <span class='ocrx_word' id='word_1_192' title='bbox 1088 3318 1183 3386; x_wconf 85' lang='lat' dir='ltr'>putes.</span> 
     </span>
    </p>
   </div>
   <div class='ocr_carea' id='block_1_3' title="bbox 404 3479 1436 3696">
    <p class='ocr_par' dir='ltr' id='par_1_6' title="bbox 404 3479 1436 3696">
     <span class='ocr_line' id='line_1_27' title="bbox 885 3479 915 3535; baseline 0 0"><span class='ocrx_word' id='word_1_193' title='bbox 885 3479 915 3535; x_wconf 89' lang='grc'>4.</span> 
     </span>
     <span class='ocr_line' id='line_1_28' title="bbox 404 3603 1436 3696; baseline -0.005 -24"><span class='ocrx_word' id='word_1_194' title='bbox 404 3615 523 3672; x_wconf 82' lang='lat' dir='ltr'>Anthol.</span> <span class='ocrx_word' id='word_1_195' title='bbox 538 3614 603 3673; x_wconf 88' lang='lat' dir='ltr'>Pal.</span> <span class='ocrx_word' id='word_1_196' title='bbox 624 3617 670 3673; x_wconf 88' lang='grc'>14.</span> <span class='ocrx_word' id='word_1_197' title='bbox 688 3617 727 3674; x_wconf 85' lang='grc'>74</span> <span class='ocrx_word' id='word_1_198' title='bbox 745 3608 824 3692; x_wconf 73' lang='lat' dir='ltr'>(tom.</span> <span class='ocrx_word' id='word_1_199' title='bbox 839 3614 856 3672; x_wconf 78' lang='grc' dir='ltr'>θ</span> <span class='ocrx_word' id='word_1_200' title='bbox 872 3634 901 3689; x_wconf 91' lang='lat' dir='ltr'>p.</span> <span class='ocrx_word' id='word_1_201' title='bbox 915 3614 975 3671; x_wconf 78' lang='lat'>567</span> <span class='ocrx_word' id='word_1_202' title='bbox 991 3605 1063 3691; x_wconf 81' lang='lat' dir='ltr'>Iac.)</span> <span class='ocrx_word' id='word_1_203' title='bbox 1090 3606 1231 3696; x_wconf 79' lang='grc' dir='ltr'>Χρησμός</span> <span class='ocrx_word' id='word_1_204' title='bbox 1245 3616 1300 3681; x_wconf 76' lang='grc' dir='ltr'>τῆς</span> <span class='ocrx_word' id='word_1_205' title='bbox 1315 3603 1436 3679; x_wconf 86' lang='grc' dir='ltr'>Πυθίας.</span> 
     </span>
    </p>
   </div>
   <div class='ocr_carea' id='block_1_4' title="bbox 493 3721 1170 3983">
    <p class='ocr_par' dir='ltr' id='par_1_7' title="bbox 493 3721 1170 3983">
     <span class='ocr_line' id='line_1_29' title="bbox 493 3721 1170 3794; baseline 0 -20"><span class='ocrx_word' id='word_1_206' title='bbox 493 3723 545 3793; x_wconf 86' lang='grc' dir='ltr'>Ὶρόι</span> <span class='ocrx_word' id='word_1_207' title='bbox 563 3724 623 3775; x_wconf 79' lang='grc' dir='ltr'>θεῶν</span> <span class='ocrx_word' id='word_1_208' title='bbox 642 3721 744 3794; x_wconf 78' lang='grc' dir='ltr'>ἀγαθοῖς</span> <span class='ocrx_word' id='word_1_209' title='bbox 762 3721 942 3793; x_wconf 76' lang='grc' dir='ltr'>ἀναπέπταται,</span> <span class='ocrx_word' id='word_1_210' title='bbox 962 3723 1019 3775; x_wconf 76' lang='grc' dir='ltr'>οὐδὲ</span> <span class='ocrx_word' id='word_1_211' title='bbox 1037 3724 1170 3793; x_wconf 84' lang='grc' dir='ltr'>καθαρμῶν</span> 
     </span>
     <span class='ocr_line' id='line_1_30' title="bbox 542 3814 1068 3888; baseline -0.002 -20"><span class='ocrx_word' id='word_1_212' title='bbox 542 3817 631 3887; x_wconf 86' lang='grc' dir='ltr'>χρειώ·</span> <span class='ocrx_word' id='word_1_213' title='bbox 649 3821 691 3883; x_wconf 78' lang='grc' dir='ltr'>τῆς</span> <span class='ocrx_word' id='word_1_214' title='bbox 710 3817 794 3887; x_wconf 78' lang='grc' dir='ltr'>ἀρετῆς</span> <span class='ocrx_word' id='word_1_215' title='bbox 811 3818 892 3888; x_wconf 78' lang='grc' dir='ltr'>ἥψατο</span> <span class='ocrx_word' id='word_1_216' title='bbox 911 3817 982 3869; x_wconf 79' lang='grc' dir='ltr'>οὐδὲν</span> <span class='ocrx_word' id='word_1_217' title='bbox 1000 3814 1068 3888; x_wconf 76' lang='grc' dir='ltr'>ἄγος.</span> 
     </span>
     <span class='ocr_line' id='line_1_31' title="bbox 493 3906 1166 3983; baseline 0 -22"><span class='ocrx_word' id='word_1_218' title='bbox 493 3907 558 3971; x_wconf 84' lang='grc' dir='ltr'>όστις</span> <span class='ocrx_word' id='word_1_219' title='bbox 576 3909 689 3962; x_wconf 79' lang='grc' dir='ltr'>δὀὖλοθν</span> <span class='ocrx_word' id='word_1_220' title='bbox 707 3906 780 3980; x_wconf 77' lang='grc' dir='ltr'>ἦτορ,</span> <span class='ocrx_word' id='word_1_221' title='bbox 799 3910 931 3983; x_wconf 79' lang='grc' dir='ltr'>ἀπόστιχε·</span> <span class='ocrx_word' id='word_1_222' title='bbox 950 3910 1039 3963; x_wconf 80' lang='grc' dir='ltr'>οὔποτε</span> <span class='ocrx_word' id='word_1_223' title='bbox 1056 3910 1103 3981; x_wconf 71' lang='grc' dir='ltr'>γὰρ</span> <span class='ocrx_word' id='word_1_224' title='bbox 1122 3910 1166 3978; x_wconf 78' lang='grc' dir='ltr'>σὴν</span> 
     </span>
    </p>
   </div>
   <div class='ocr_carea' id='block_1_5' title="bbox 544 4003 1000 4075">
    <p class='ocr_par' dir='ltr' id='par_1_8' title="bbox 544 4003 1000 4075">
     <span class='ocr_line' id='line_1_32' title="bbox 544 4003 1000 4075; baseline 0.009 -20"><span class='ocrx_word' id='word_1_225' title='bbox 544 4004 624 4075; x_wconf 73' lang='grc' dir='ltr'>ψυχὴν</span> <span class='ocrx_word' id='word_1_226' title='bbox 642 4003 731 4075; x_wconf 71' lang='grc' dir='ltr'>ἐκνίψει</span> <span class='ocrx_word' id='word_1_227' title='bbox 749 4008 823 4075; x_wconf 77' lang='grc' dir='ltr'>σῶμα</span> <span class='ocrx_word' id='word_1_228' title='bbox 841 4006 1000 4074; x_wconf 83' lang='grc' dir='ltr'>διαινόμενον.</span> 
     </span>
    </p>
   </div>
   <div class='ocr_carea' id='block_1_6' title="bbox 337 4097 1458 4197">
    <p class='ocr_par' dir='ltr' id='par_1_9' title="bbox 337 4097 1458 4197">
     <span class='ocr_line' id='line_1_33' title="bbox 337 4097 1458 4197; baseline -0.004 -25"><span class='ocrx_word' id='word_1_229' title='bbox 337 4115 403 4172; x_wconf 86' lang='lat' dir='ltr'>Pal.</span> <span class='ocrx_word' id='word_1_230' title='bbox 422 4098 638 4196; x_wconf 76' lang='grc' dir='ltr'>θιραινόμενον,</span> <span class='ocrx_word' id='word_1_231' title='bbox 653 4115 739 4172; x_wconf 86' lang='lat' dir='ltr'>Plan.</span> <span class='ocrx_word' id='word_1_232' title='bbox 757 4108 952 4197; x_wconf 71' lang='grc' dir='ltr'>μιαινόμενον.</span> <span class='ocrx_word' id='word_1_233' title='bbox 975 4116 1055 4174; x_wconf 90' lang='lat' dir='ltr'>Bene</span> <span class='ocrx_word' id='word_1_234' title='bbox 1066 4116 1193 4175; x_wconf 86' lang='lat' dir='ltr'>Brunck.</span> <span class='ocrx_word' id='word_1_235' title='bbox 1210 4106 1333 4193; x_wconf 80' lang='grc' dir='ltr'>έκνίψεις</span> <span class='ocrx_word' id='word_1_236' title='bbox 1349 4097 1458 4169; x_wconf 82' lang='grc' dir='ltr'>θιαινό-</span> 
     </span>
    </p>
   </div>
   <div class='ocr_carea' id='block_1_7' title="bbox 339 4220 1457 4631">
    <p class='ocr_par' dir='ltr' id='par_1_10' title="bbox 339 4220 1190 4305">
     <span class='ocr_line' id='line_1_34' title="bbox 339 4220 1190 4305; baseline 0.002 -25"><span class='ocrx_word' id='word_1_237' title='bbox 339 4240 426 4305; x_wconf 80' lang='grc' dir='ltr'>μενος</span> <span class='ocrx_word' id='word_1_238' title='bbox 442 4243 477 4281; x_wconf 88' lang='lat' dir='ltr'>ex</span> <span class='ocrx_word' id='word_1_239' title='bbox 490 4224 603 4282; x_wconf 85' lang='lat' dir='ltr'>Eldikii</span> <span class='ocrx_word' id='word_1_240' title='bbox 618 4225 693 4282; x_wconf 88' lang='lat' dir='ltr'>coni.</span> <span class='ocrx_word' id='word_1_241' title='bbox 717 4222 776 4284; x_wconf 88' lang='lat' dir='ltr'>Sed</span> <span class='ocrx_word' id='word_1_242' title='bbox 790 4224 878 4282; x_wconf 87' lang='lat' dir='ltr'>etiam</span> <span class='ocrx_word' id='word_1_243' title='bbox 894 4220 999 4295; x_wconf 77' lang='grc' dir='ltr'>οὐλοός</span> <span class='ocrx_word' id='word_1_244' title='bbox 1013 4226 1190 4302; x_wconf 89' lang='lat' dir='ltr'>scripserim.</span> 
     </span>
    </p>

    <p class='ocr_par' dir='ltr' id='par_1_11' title="bbox 339 4332 1457 4631">
     <span class='ocr_line' id='line_1_35' title="bbox 402 4332 1457 4411; baseline -0.003 -21"><span class='ocrx_word' id='word_1_245' title='bbox 402 4333 468 4390; x_wconf 85' lang='lat' dir='ltr'>Hae</span> <span class='ocrx_word' id='word_1_246' title='bbox 492 4352 591 4393; x_wconf 85' lang='lat' dir='ltr'>omnes</span> <span class='ocrx_word' id='word_1_247' title='bbox 613 4335 745 4411; x_wconf 73' lang='lat' dir='ltr'>poeticae</span> <span class='ocrx_word' id='word_1_248' title='bbox 770 4342 903 4394; x_wconf 91' lang='lat' dir='ltr'>notorum</span> <span class='ocrx_word' id='word_1_249' title='bbox 928 4336 1108 4410; x_wconf 84' lang='lat' dir='ltr'>quorundam</span> <span class='ocrx_word' id='word_1_250' title='bbox 1135 4334 1315 4393; x_wconf 88' lang='lat' dir='ltr'>oraculorum</span> <span class='ocrx_word' id='word_1_251' title='bbox 1340 4332 1457 4389; x_wconf 88' lang='lat' dir='ltr'>fuerunt</span> 
     </span>
     <span class='ocr_line' id='line_1_36' title="bbox 340 4441 1455 4521; baseline -0.001 -22"><span class='ocrx_word' id='word_1_252' title='bbox 340 4442 625 4515; x_wconf 86' lang='lat' dir='ltr'>transformationes,</span> <span class='ocrx_word' id='word_1_253' title='bbox 649 4445 728 4501; x_wconf 86' lang='lat' dir='ltr'>velut</span> <span class='ocrx_word' id='word_1_254' title='bbox 742 4445 802 4505; x_wconf 89' lang='lat' dir='ltr'>dati</span> <span class='ocrx_word' id='word_1_255' title='bbox 817 4447 855 4504; x_wconf 80' lang='lat' dir='ltr'>ad</span> <span class='ocrx_word' id='word_1_256' title='bbox 868 4447 1015 4504; x_wconf 92' lang='lat' dir='ltr'>hominem</span> <span class='ocrx_word' id='word_1_257' title='bbox 1031 4444 1185 4521; x_wconf 84' lang='lat' dir='ltr'>splendida</span> <span class='ocrx_word' id='word_1_258' title='bbox 1203 4461 1286 4501; x_wconf 85' lang='lat' dir='ltr'>sacra</span> <span class='ocrx_word' id='word_1_259' title='bbox 1305 4441 1455 4509; x_wconf 85' lang='lat' dir='ltr'>ferentem,</span> 
     </span>
     <span class='ocr_line' id='line_1_37' title="bbox 339 4554 744 4631; baseline 0.007 -21"><span class='ocrx_word' id='word_1_260' title='bbox 339 4571 433 4628; x_wconf 89' lang='lat' dir='ltr'>neque</span> <span class='ocrx_word' id='word_1_261' title='bbox 448 4559 546 4612; x_wconf 84' lang='lat' dir='ltr'>tamen</span> <span class='ocrx_word' id='word_1_262' title='bbox 562 4555 634 4613; x_wconf 84' lang='lat' dir='ltr'>satis</span> <span class='ocrx_word' id='word_1_263' title='bbox 649 4554 744 4631; x_wconf 89' lang='lat' dir='ltr'>pium:</span> 
     </span>
    </p>
   </div>
   <div class='ocr_carea' id='block_1_8' title="bbox 0 0 1800 5400">
    <p class='ocr_par' dir='ltr' id='par_1_12' title="bbox 0 0 1800 5400">
     <span class='ocr_line' id='line_1_38' title="bbox 0 0 1800 5400; baseline 0 2"><span class='ocrx_word' id='word_1_264' title='bbox 0 0 1800 5400; x_wconf 95' lang='lat' dir='ltr'> </span> 
     </span>
    </p>
   </div>
  </div>
 </body>
</html>
