3592 5400
392 477 432 540 68
621 498 716 542 CAPUT
730 498 771 541 1v.
794 498 836 540 DE
852 497 1057 541 osacmuoaun
1071 496 1270 541 coarctamus·

390 651 524 709 Zosimus
545 669 577 709 se
593 652 621 709 2.
641 653 680 710 36
696 659 807 720 narrat,
830 658 863 708 ut
882 651 1029 709 oraculum
1049 651 1168 727 aliquod
1187 651 1223 709 de
1239 649 1511 728 Constantinopolis

389 761 520 838 potentia
541 761 698 832 inveniret,
725 761 817 819 multa
838 761 981 819 evolvisse
1006 762 1185 820 oraculorum
1207 761 1356 819 volumina
1380 754 1512 839 (πολλὰς

389 874 530 953 χρησμῶν
556 865 732 954 συναγωγὰς
758 855 894 938 ἀνελίξας
914 913 921 927 .
941 865 981 946 ..l
1015 871 1094 944 Quin
1115 871 1203 928 etiam
1223 871 1374 946 usquead
1394 891 1413 928 a
1430 874 1509 932 1341

389 981 528 1039 librorum
551 981 656 1038 talium
678 981 816 1039 usumin
839 999 941 1039 comm.
964 980 1000 1037 de
1022 980 1181 1038 novissima
1206 980 1390 1038 oraculorum
1415 989 1512 1039 aetate

390 1083 501 1168 (Borol.
525 1092 615 1150 1854.
637 1093 682 1149 ch.
698 1084 730 1168 4)
752 1111 780 1167 p.
803 1091 920 1150 48-52
943 1097 1113 1166 persecutus
1136 1109 1210 1149 sum.
1243 1091 1355 1148 Ibidem
1379 1092 1510 1168 exposui,

389 1221 463 1277 qnae
483 1221 582 1260 eorum
600 1202 688 1260 fuerit
708 1200 838 1260 condicio
859 1200 991 1274 ratioque
1010 1208 1098 1274 atque
1119 1196 1231 1258 ostendi
1253 1219 1289 1258 ex
1308 1219 1410 1258 eornm
1428 1221 1511 1278 prae-

389 1312 474 1370 dictis
489 1312 679 1388 imperatores
695 1331 752 1368 non
767 1311 918 1369 dubitasse
932 1311 978 1368 vel
990 1310 1137 1367 oculorum
1153 1310 1261 1367 lumine
1276 1311 1384 1368 multos
1396 1311 1511 1387 privare

389 1422 425 1479 ad
441 1421 672 1497 suppliciumque
692 1421 816 1478 trahere.
847 1421 979 1478 Manavit
992 1419 1132 1479 librorum
1146 1420 1279 1477 fatalium
1293 1439 1364 1479 usus
1380 1421 1446 1479 sine
1460 1421 1511 1478 du-

389 1533 436 1590 bio
451 1550 544 1606 usquo
558 1531 595 1587 ad
611 1531 770 1588 Turcarum
787 1530 973 1606 triumphum.

453 1641 519 1698 Meo
539 1639 628 1717 igitur
647 1640 709 1697 iure
728 1639 801 1711 dixi,
822 1641 877 1698 hoc
896 1640 1058 1697 litterarum
1079 1640 1256 1699 Graecarum
1276 1660 1368 1718 genus
1388 1661 1443 1717 per
1457 1642 1510 1699 duo

389 1750 484 1808 millia
502 1770 645 1808 annorum
665 1749 803 1808 valuisse.
827 1749 926 1823 Quum
945 1769 963 1806 a
982 1750 1076 1825 poetis
1097 1749 1139 1807 rei
1154 1750 1270 1807 divinae
1289 1751 1397 1827 peritis
1413 1759 1510 1809 vatum

390 1861 516 1937 primum
536 1861 679 1931 carmina,
701 1868 762 1917 tum
777 1861 814 1917 ab
829 1859 992 1930 historicis,
1013 1860 1225 1937 grammaticis,
1244 1861 1430 1937 philosophis
1445 1862 1511 1920 deo-

389 1991 453 2028 rum
468 1971 584 2029 oracula
599 1978 699 2029 essent
714 1971 849 2038 collecta,
871 1987 959 2045 quum
974 1970 1211 2047 philosophorum
1231 1970 1283 2027 alii
1301 1971 1509 2030 divinationem

389 2081 602 2151 defendissent,
625 2081 676 2138 alii
698 2081 935 2156 impugnassent,
961 2088 1108 2156 postremo
1130 2079 1369 2157 praestigiatores
1392 2083 1510 2155 quidam

390 2210 493 2249 novam
513 2191 728 2266 philosophiam
747 2189 915 2246 numinibus
935 2190 1171 2266 supposuissent,
1194 2189 1305 2267 primus
1327 2191 1510 2267 Porphyrius

390 2319 425 2356 ex
439 2300 513 2375 ipsis
534 2299 682 2375 responsis
698 2297 803 2355 divinis
819 2317 915 2355 rerum
929 2317 1098 2357 arcanarum
1116 2300 1269 2359 scientiam
1284 2307 1314 2358 et
1328 2300 1406 2358 vitae
1420 2303 1509 2366 hone-

390 2416 453 2467 stae
467 2409 608 2466 rationem
624 2415 756 2485 repetere
771 2408 890 2466 studuit.
913 2409 971 2466 Illa
985 2428 1127 2486 responsa
1140 2429 1316 2486 quamquam
1331 2429 1367 2469 ex
1382 2412 1507 2488 Aegypti

389 2519 534 2594 Asiaeque
549 2518 681 2577 doctrina
701 2517 835 2576 nonnihil
851 2527 1050 2594 sumpserant,
1072 2528 1169 2578 tamen
1187 2520 1224 2578 ad
1240 2519 1421 2581 Graecorum
1440 2522 1508 2580 deos

390 2648 421 2687 se
441 2630 638 2707 applicabant.
668 2626 726 2687 Sed
747 2646 835 2704 quum
850 2629 897 2686 vel
911 2628 975 2688 vivo
990 2630 1153 2708 Porphyrio
1173 2630 1353 2707 simpliciora
1366 2639 1508 2689 veterum-

389 2758 445 2815 que
464 2748 627 2815 temporum
648 2739 831 2816 opinionibus
853 2739 996 2798 similiora
1010 2741 1074 2799 visa
1093 2748 1206 2811 essent,
1229 2760 1316 2818 quam
1330 2748 1364 2799 ut
1378 2760 1508 2800 summae

389 2849 606 2908 Platonicorum
620 2848 823 2925 philosophiae
837 2850 1028 2908 fundamenta
1043 2859 1142 2909 essent
1156 2869 1191 2909 ac
1203 2852 1314 2922 fontes,
1331 2851 1508 2913 abiicieban-

390 2966 438 3015 tur
457 2958 545 3023 simul
564 2976 629 3015 cum
649 2965 710 3017 tota
725 2956 845 3035 Olympi
859 2960 972 3024 familia
987 2979 1085 3032 sacra3
1104 2962 1238 3020 notiones
1253 2962 1377 3025 subtiles
1392 2964 1508 3023 nomino

390 3074 420 3125 et
438 3068 558 3125 numine
577 3068 695 3126 deorum
715 3068 834 3127 indutae
854 3046 995 3128 celebrari
1016 3079 1135 3147 coeptae
1150 3078 1218 3130 suut
1232 3090 1267 3129 ac
1287 3090 1364 3130 nova
1377 3074 1509 3132 doctrina

390 3178 426 3236 ob
444 3177 556 3236 oriente
574 3179 785 3238 arcessebatur.
813 3179 966 3239 Postremo
986 3182 1206 3239 vaticina-tiones
1225 3181 1263 3238 ab
1278 3182 1445 3244 hominibus
1459 3191 1508 3242 aut

389 3288 491 3348 otiosis
512 3294 562 3346 aut
582 3290 792 3347 nummulorum
814 3291 926 3367 cupidis
942 3291 1120 3367 excogitatas
1140 3300 1170 3349 et
1184 3292 1365 3368 conscriptas
1386 3293 1507 3353 insatia-

389 3398 457 3457 bilis
472 3400 637 3457 mortalium
653 3400 821 3477 superstitio
850 3400 1018 3478 arripiebat.

845 3667 1050 3677 ...ι-...ασκ-

820 3897 1004 3970 CAPUT
1029 3899 1073 3971 V.

441 4062 634 4125 ORACULA
653 4064 743 4126 NON
762 4067 1047 4139 HEXAMETRIS,
1071 4067 1151 4128 SED
1172 4066 1278 4128 ALIIS
1297 4070 1455 4132 nnTnls

876 4187 1013 4247 EDITA.

450 4388 583 4447 Vidimus
604 4388 784 4445 oraculorum
803 4388 894 4447 fuisse
914 4407 1048 4465 corpora,
1069 4411 1104 4449 ex
1119 4391 1224 4466 quibus
1238 4392 1422 4468 Porphyrius
1436 4396 1506 4452 hau-

387 4497 445 4555 rire
459 4506 568 4573 postet.
598 4500 688 4573 Atqui
703 4516 790 4573 quum
805 4499 962 4575 Porphyrii
982 4501 1099 4559 oracula
1113 4502 1241 4559 numeris
1259 4502 1392 4575 quidem,
1412 4523 1507 4579 neque
