3592 5400
679 502 776 545 carm
792 503 820 544 V.
842 503 885 545 DE
901 500 1105 544 onacuuoabu
1118 501 1241 544 nabars.

552 645 637 699 Ἔστιν
655 645 680 698 ἐν
698 647 836 717 Τρηχῖνοςι
855 644 896 719 cip
914 648 991 711 κῆπος
1009 644 1171 715 Ἡρακλείως,

553 731 623 784 πάντ’
641 728 706 801 ἔχων
725 728 862 798 θάλλοντα,
881 731 941 781 πᾶσι
959 730 1107 800 δρεπόμενος
1125 729 1303 798 πανημαδόνῖ·

553 815 607 868 οὐδ’
626 811 765 880 ὀλιζοῦται,
785 812 878 885 βέβριθε
897 813 919 864 δ’
930 809 1039 865 ὑδάτεσιν
1058 812 1186 878 διηνεκέςῑ.

400 946 503 1005 Finem
519 942 628 1002 oraculi
643 942 834 1018 philosophus
850 960 908 998 non
923 939 1036 1012 attulit3
1052 940 1127 1022 idem
1144 915 1316 1017 ¹responsum
1331 948 1422 998 autea
1433 941 1519 1000 Calli·

400 1063 492 1114 strato
503 1053 626 1114 Pontico
638 1051 791 1110 mercatori
803 1052 902 1109 datum
914 1069 979 1109 esse
991 1049 1080 1108 addit.
1103 1051 1212 1108 Postea
1223 1067 1286 1126 cap.
1302 1051 1339 1109 23
1354 1052 1397 1109 ita
1412 1053 1520 1129 pergit:

400 1156 484 1222 Ἐπεὶ
500 1147 532 1221 δέ
548 1180 598 1245 μοι
612 1156 653 1219 τὰ
671 1165 725 1230 τῆς
740 1155 880 1244 ἐμπορίας
894 1145 955 1226 ἤδη
974 1154 1030 1246 apd
1048 1143 1121 1216 ὁδοῦ
1136 1147 1185 1233 ἦν,
1206 1143 1312 1242 ἀνδρὸς
1333 1143 1368 1218 δὲ
1390 1145 1454 1218 ἔδει
1469 1165 1520 1219 τοῦ

400 1254 661 1357 ξεναγωχίσοντος
675 1266 723 1328 ἐπὶ
736 1266 791 1335 τὴν
807 1266 925 1352 σορίαν,
946 1261 1056 1351 ἄπορος
1072 1253 1105 1327 δὲ
1120 1265 1264 1343 (difficilis
1279 1263 1418 1348 inventu)
1441 1267 1522 1354 ἐραί-

400 1401 469 1441 νετο
481 1371 580 1454 οὗτος,
597 1375 629 1439 σὲ
642 1375 690 1460 (ad
703 1381 868 1456 Apollinem
881 1379 1010 1438 Clarium
1022 1372 1101 1457 dicit)
1114 1363 1243 1461 ἐδεόμην
1254 1375 1306 1436 καὶ
1316 1372 1430 1437 τούτου
1442 1375 1522 1466 γενέ-

401 1485 469 1552 σθαι
484 1476 644 1556 ἐνδείκτην.

604 1615 650 1670 Ἔν
669 1618 742 1688 †rs⁴
761 1621 837 1670 τοῖσιν
856 1617 1025 1670 εὖτεεδιέεσσιν5
1042 1615 1083 1683 ἠδ’
1101 1593 1212 1690 Ἀχαιοῖς
1230 1616 1304 1687 χρέος

605 1703 714 1772 θήσεται,
733 1702 761 1754 rb
781 1704 802 1754 δ’
815 1701 992 1775 ίιιτειιμαρθέν6
1010 1705 1030 1772 †
1049 1701 1106 1754 οὐδὲ
1125 1701 1210 1772 μικρὸν
1229 1701 1332 1763 ἕξεταιῗ.

471 1876 479 1911 ¹
503 1875 570 1928 Ante
590 1874 671 1929 Gaisf.
692 1874 815 1927 edebatur
832 1873 961 1944 Τριχῆνος.
998 1864 1108 1925 Oracula
1125 1872 1262 1924 exordium
1279 1888 1359 1941 saepe
1377 1888 1395 1924 a
1411 1873 1465 1925 loci
1482 1873 1522 1925 de·-

402 1961 540 2031 seriptione
558 1961 676 2030 capiunt,
694 1961 766 2012 velut
781 1959 876 2027 Pythia
893 1958 926 2011 ad
944 1959 1074 2026 Tegeatae
1091 1958 1161 2027 apud
1173 1957 1295 2010 Herodot
1307 1957 1386 2022 167,
1405 1957 1438 2009 de
1456 1960 1522 2010 colo·

401 2048 445 2098 nia
462 2046 605 2114 Syracusas
624 2044 773 2097 deducenda
791 2044 823 2096 ad
840 2042 964 2096 Archiam
981 2043 1049 2113 apud
1066 2042 1143 2097 Paus.
1157 2041 1183 2098 5.
1196 2042 1221 2097 7.
1234 2041 1264 2107 ί,
1283 2041 1317 2093 ad
1327 2043 1521 2095 Mantineeuses

401 2148 442 2200 ap.
456 2131 568 2183 eundem
585 2129 609 2182 8.
621 2130 646 2183 9.
660 2129 684 2181 ⁶2.

469 2215 481 2251 ²
503 2216 558 2268 Hoc
579 2215 707 2266 uocabulo
731 2230 777 2282 pro
802 2215 917 2282 πανῆμαρ
936 2211 1071 2280 Oppianus
1092 2211 1152 2266 hal:
1169 2211 1194 2265 3.
1212 2210 1263 2264 360
1284 2212 1374 2264 utitur.
1409 2211 1522 2264 Noverat

402 2300 536 2352 oraculum
553 2296 710 2364 Hesychius,
733 2298 777 2366 qui
800 2297 995 2366 πανημαδόν,
1019 2297 1058 2347 διὰ
1080 2296 1133 2364 βίου
1156 2301 1182 2348 et
1203 2293 1380 2364 ὄλιζοΰται,
1404 2301 1519 2366 μειοῦται,

403 2379 530 2451 ὀλιγοῦται
548 2383 670 2451 explicat.
884 2450 886 2455 Ι

470 2466 481 2500 ³
504 2466 584 2520 Oodd.
599 2462 662 2536 opt't.
675 2467 721 2519 ΑΗ
739 2466 877 2535 διηνεκέσιν,
896 2465 994 2518 omissa
1010 2466 1139 2535 particula
1156 2458 1206 2534 εἶτ’,
1231 2481 1283 2534 qua
1300 2464 1453 2519 Oenomaus
1476 2483 1522 2519 sua

400 2553 481 2605 verba
497 2551 619 2604 annectit.
654 2551 720 2605 Rell.
739 2548 895 2616 ’διηνεκέσσιν
932 2549 1087 2602 Emendavit
1103 2551 1220 2604 Holsteu.
1239 2550 1272 2602 ad
1289 2549 1385 2620 Porph.
1399 2553 1446 2605 rit.
1458 2553 1520 2604 Plot.

402 2634 509 2708 capiti.
545 2636 678 2689 Praecedit
688 2637 716 2688 in
729 2635 802 2690 codd.
817 2633 951 2687 ὑδάτεσσιν.
980 2635 1062 2688 Gaisf.
1074 2634 1142 2689 coni.
1157 2632 1260 2704 ἄνθεσιν,
1271 2635 1331 2689 coll
1343 2636 1422 2690 Hom.
1432 2635 1521 2705 hymn.

402 2723 434 2775 ad
452 2723 508 2775 Cer.
527 2722 590 2775 478:
615 2719 709 2795 ᾆνθεσιν
732 2722 814 2791 εὐρεῖα
836 2719 907 2791 χδὼν
929 2718 1012 2790 ἔβρισ’.
1048 2722 1164 2790 Holsteu.
1184 2720 1278 2775 ὓδασιν.
1314 2720 1349 2772 At
1371 2740 1386 2771 υ
1404 2722 1522 2775 vocabuli

402 2794 483 2875 ίιδωρ,
501 2806 578 2865 modo
597 2808 624 2859 in
641 2806 853 2859 hexametrorum
872 2806 925 2858 arsi
937 2806 1074 2874 aliquoties
1086 2806 1254 2875 productum,
1272 2806 1367 2857 natura
1382 2806 1461 2859 breve
1473 2813 1519 2859 est.

401 2890 491 2943 Potest
508 2890 612 2943 coniici:
631 2889 746 2941 ὑδατίσιν.
775 2889 888 2959 Hesych.
902 2889 974 2943 Suid.
986 2885 1061 2945 Phot.
1080 2888 1239 2957 ίδατίδες,
1258 2891 1385 2959 σταγόνες.
1413 2890 1521 2961 Propius

372 2966 381 2974 ’
402 2976 481 3027 etiam
504 2975 537 3026 ad
560 2975 633 3027 codd.
658 2973 767 3026 ὑδάτεσιν
791 2975 904 3039 accedit,
928 2992 994 3043 quae
1018 2975 1103 3028 forma
1125 2975 1165 3026 his
1189 2976 1315 3044 exemplis
1339 2975 1520 3028 confirmatur:

402 3057 492 3128 αἴγεσιν
510 3060 585 3112 Hom.
598 3060 627 3111 Il.
643 3059 681 3111 10.
694 3060 758 3124 486,
776 3059 866 3129 χείρεσι
884 3060 946 3112 ibid.
956 3060 998 3115 20.
1012 3059 1074 3123 468,
1090 3058 1164 3110 ’ίνεσιν
1176 3061 1238 3112 ibid.
1251 3060 1292 3112 23.
1306 3060 1367 3124 191,
1388 3058 1463 3111 οἴεσιν
1477 3060 1520 3113 0d.

403 3144 442 3198 15.
456 3143 521 3207 386,
537 3141 660 3195 ἀνάκτεσιν
672 3144 735 3198 ibid.
749 3144 807 3197 557.
821 3145 975 3214 δαιτυμόνεσι
993 3144 1114 3217 Herodot.
1127 3145 1154 3209 6,
1167 3144 1212 3209 57,
1225 3143 1338 3195 πλεόνεσι
1349 3145 1414 3198 ibid.
1427 3145 1452 3200 7.
1466 3146 1520 3208 22⁴1,

402 3227 486 3298 μήνεσι
501 3228 563 3281 ibid.
582 3229 607 3283 4.
620 3228 653 3281 43
666 3234 692 3281 et
703 3227 727 3283 8.
741 3228 781 3281 51.
800 3245 840 3269 -·
855 3229 953 3282 Versus
978 3230 1108 3281 sententia
1130 3234 1182 3281 est:
1206 3228 1296 3282 hortus
1318 3217 1362 3281 ilie
1386 3246 1520 3299 nunquam

401 3314 564 3378 diminuitur,
590 3314 609 3368 i.
628 3313 765 3367 academ
788 3330 891 3383 sempor
913 3312 1009 3367 florum
1031 3314 1216 3383 fructuumque
1239 3315 1316 3383 copia
1341 3315 1473 3380 abundat,
1498 3322 1522 3367 et

399 3398 508 3451 humore
532 3400 627 3468 gemit,
648 3400 666 3455 i.
681 3416 703 3453 e.
722 3399 783 3451 dum
804 3401 907 3469 rquua
929 3404 998 3451 terra
1020 3402 1076 3452 sole
1098 3400 1205 3463 arescit,
1232 3400 1278 3452 ille
1299 3398 1433 3465 fontibus,
1455 3413 1521 3465 rore,

398 3485 493 3553 pluviis
511 3484 642 3553 irrigatur.

467 3568 479 3600 ⁴
501 3565 525 3619 ἐν
544 3585 570 3619 σε
587 3568 691 3633 EFGH;
714 3567 782 3622 inira
804 3564 828 3620 ἓν
853 3566 966 3639 etopu.
985 3569 1043 3634 AH,
1072 3564 1095 3620 ἔν
1119 3586 1145 3620 σε
1162 3567 1265 3633 BOFG3
1293 3569 1348 3623 rell.
1373 3565 1398 3621 ἔν
1422 3587 1456 3623 τε.
1493 3569 1520 3623 Si

401 3652 549 3705 Oenomaus
569 3655 665 3706 oraculi
683 3654 787 3706 initium
804 3672 857 3707 non
877 3655 975 3718 omisit,
994 3651 1018 3704 ἔν
1036 3672 1064 3723 γε
1082 3653 1248 3707 scribendum
1266 3660 1315 3708 est.¹

467 3738 478 3770 ⁵
501 3737 638 3790 abaciacum
661 3744 771 3808 utroque
792 3741 851 3792 loco
874 3739 910 3803 A,
932 3736 1052 3790 ἐπελέεσιν
1074 3739 1143 3791 infra
1160 3739 1197 3803 B;
1224 3737 1378 3808 adquiescere
1401 3740 1519 3796 Holsteu.

399 3823 523 3877 Lcomm.
541 3824 622 3887 coni,
646 3824 807 3893 improbatus
830 3840 847 3875 a
865 3824 984 3877 Bentleio
1009 3824 1041 3875 ad
1064 3824 1165 3877 Gallim
1176 3823 1267 3892 hymn.
1279 3825 1307 3877 in
1319 3824 1377 3884 Cer,
1391 3825 1453 3889 136,
1476 3828 1521 3879 ubi

400 3905 573 3959 Callimachus
591 3909 719 3959 vocabulo
737 3906 841 3978 εὐπηλίᾳ
858 3909 948 3963 utitur.
980 3909 1015 3962 At
1031 3926 1115 3977 neque
1132 3909 1259 3979 reperitur
1275 3925 1389 3979 usquam
1407 3908 1518 3978 εὐτελής,

400 4006 497 4057 neque,
520 3991 543 4042 si
566 3997 635 4043 esset
656 3991 683 4043 id
707 3992 775 4060 quod
798 3992 894 4058 facilis,
918 3998 979 4063 apta
1001 3998 1070 4045 esset
1092 3992 1262 4063 significati03
1285 3993 1318 4045 ad
1339 3994 1519 4048 membrorum

319 4136 321 4139 v
399 4090 461 4127 vero
479 4075 597 4127 decorem
615 4078 765 4145 exemplum
784 4076 911 4130 Oenomai
928 4094 945 4129 a
967 4078 1143 4148 sculptoribus
1159 4079 1356 4148 pictoribusque
1379 4081 1519 4149 repetitum

399 4159 511 4213 deducit.
548 4159 631 4223 Quare
649 4160 776 4230 εὐμελέσσι
794 4163 893 4226 scribo,
912 4164 998 4216 dativo
1017 4164 1129 4216 formato
1147 4164 1181 4216 ad
1197 4180 1317 4216 normam
1327 4164 1461 4218 Homerici
1473 4164 1519 4216 ἀει-

400 4244 474 4296 κέσσι.
510 4245 578 4297 Tum
595 4245 685 4298 AHSV
702 4246 891 4316 χρεωσθτίσεται.
927 4247 1077 4300 Holsteuius
1101 4247 1129 4298 τδ
1148 4247 1221 4319 χρέος
1245 4248 1362 4314 coniicit3
1386 4266 1438 4319 ego
1460 4266 1519 4303 cum

401 4330 483 4384 Gaisf.
519 4328 655 4401 Ἀχαιοῖσιν
672 4330 799 4400 praefero.
835 4330 983 4395 Praeterea,
1008 4349 1087 4400 quum
1105 4332 1260 4385 adiectivum
1278 4339 1305 4385 et
1322 4334 1517 4387 substantivum

399 4415 445 4467 uix
466 4416 568 4484 possint
589 4417 716 4486 particula
739 4416 887 4485 copulativa
910 4417 1047 4486 coniungi,
1075 4423 1102 4470 et
1123 4418 1219 4471 Achaei
1241 4418 1298 4472 sine
1324 4418 1405 4472 dubio
1432 4420 1518 4473 decori
