3592 5400
342 505 402 569 184
571 581 574 586 .
829 523 920 564 rinna
933 525 976 564 111.

343 689 496 756 „cantuum
513 698 599 756 quem
614 699 632 735 a
646 677 789 737 iudicibus
804 685 885 736 reeta
900 677 1093 735 sentientibus
1108 675 1268 756 perditum,
1285 676 1418 756 pessima
1431 678 1463 736 in

343 786 611 868 „speciosis1ferr0
626 790 725 849 iuncta
739 807 817 847 mors
832 788 977 846 interfecit
986 780 1026 844 Ψ

407 896 507 947 Deinde
524 900 584 964 post
600 892 648 946 hos
669 910 757 946 versus
775 892 916 961 Apollinis,
940 892 985 960 qui
1008 908 1061 943 non
1080 895 1165 943 stante
1183 897 1267 944 metro
1285 892 1368 946 latine
1385 893 1464 946 inter·

340 990 433 1070 pretati
451 993 526 1052 sunt,
545 988 682 1042 subiunxit
699 993 777 1055 atque
796 986 842 1038 ait:

406 1092 458 1166 „In
474 1091 519 1149 his
535 1090 651 1166 quidem
666 1088 935 1167 tergiversationem
951 1086 1172 1145 irremediabilis
1187 1087 1353 1148 sententiae
1365 1070 1464 1146 eorum

344 1201 573 1276 „manifestavit,
591 1201 705 1259 dicens:

489 1304 650 1369 „Quoniam³
669 1303 758 1356 ludaei
775 1302 922 1370 suscipiunt
939 1301 1017 1353 deum
1034 1301 1119 1370 magis
1138 1318 1218 1369 quam
1234 1301 1307 1355 isti.“

408 1398 474 1450 Ecce
498 1399 543 1450 ubi
565 1398 717 1450 decolorans
741 1396 872 1448 Christum
890 1395 1000 1447 Iudaeos
1022 1395 1173 1465 praeposuit
1191 1393 1361 1459 Christianis,
1385 1396 1462 1448 confi-

341 1497 412 1555 tens,
436 1491 505 1561 quud
522 1491 611 1542 Iudaei
633 1491 777 1558 suscipiant
799 1489 883 1542 deum.
921 1489 964 1540 Sic
988 1490 1058 1541 enim
1076 1489 1199 1557 exposuit
1215 1505 1306 1541 versus
1325 1488 1460 1558 Apollinis,

341 1586 387 1636 ubi
405 1601 421 1634 a
437 1584 565 1635 iudicibus
583 1588 653 1634 recta
677 1583 848 1634 sentientibus
867 1581 1000 1633 Christum
1023 1583 1084 1633 dicit
1108 1583 1235 1645 occisum,
1258 1586 1388 1651 tanquam
1412 1583 1459 1634 illis

342 1676 410 1728 iuste
426 1677 601 1730 iudicantibus
620 1677 711 1728 merito
731 1677 765 1728 sit
781 1677 824 1728 ille
842 1677 958 1745 punitus.
996 1675 1104 1738 Viderit,
1129 1676 1191 1743 quid
1214 1675 1244 1726 de
1258 1674 1369 1734 „Christo
1391 1682 1459 1728 vates

341 1770 456 1822 mendax
473 1770 601 1839 Apollinis
624 1771 719 1824 dixerit
741 1777 818 1839 atque
841 1771 891 1822 iste
916 1769 1051 1822 crediderit
1068 1774 1113 1821 aut
1132 1769 1245 1821 fortasse
1268 1774 1371 1833 vatem,
1395 1771 1459 1839 qnod

341 1881 395 1915 non
413 1864 492 1928 dixit,
512 1864 608 1916 dixisse
626 1865 676 1916 iste
694 1865 750 1934 ipse
763 1864 920 1917 confinxerit
937 1903 963 1916 ..
981 1863 1089 1916 Iudaeos
1105 1868 1232 1931 tanquam
1245 1863 1286 1915 dei
1298 1870 1459 1934 susceptores

341 1962 410 2014 recte
429 1957 491 2009 dicit
507 1958 636 2010 iudicasse
655 1958 685 2009 de
705 1957 820 2022 Christo,
844 1958 914 2026 quod
938 1973 997 2009 eum
1020 1957 1135 2025 pessima
1153 1961 1236 2008 morte
1259 1958 1458 2009 excruciandum

342 2067 399 2103 esse
417 2053 564 2105 censuerint
582 2092 607 2106 ..
626 2054 758 2106 Hactenus
776 2053 951 2125 Augustinus.
973 2051 1025 2104 Vix
1044 2051 1155 2105 dubitari
1172 2055 1271 2122 potest,
1290 2052 1355 2122 quin
1374 2069 1458 2104 oracu-

342 2145 397 2201 lum
415 2147 447 2197 ab
465 2146 560 2198 Iudaeo
579 2146 613 2198 sit
631 2146 779 2200 confictum.
1246 2145 1258 2157 ’“

406 2247 561 2305 Geminum
572 2249 673 2305 huicce
685 2249 831 2305 oraculum
842 2245 1059 2306 Lactantius
1074 2247 1194 2323 praebet
1206 2247 1302 2306 instit.
1312 2249 1342 2305 4.
1355 2249 1455 2316 13.11‚

343 2357 419 2434 quod
433 2358 528 2433 potuit
543 2376 578 2414 ex
592 2357 770 2433 Porphyrio,
786 2357 881 2433 potuit
896 2358 1013 2415 aliunde
1028 2359 1153 2417 haurire.
1183 2355 1371 2418 Christianus
1387 2364 1456 2416 certe

411 2513 419 2543 ¹
442 2511 539 2564 Graeco
557 2511 668 2564 fortasse
687 2508 710 2562 ἐν
729 2509 886 2581 ἐμφανίεσσι,
905 2512 921 2563 i.
935 2527 957 2563 e.
975 2512 1003 2563 in
1021 2513 1094 2564 colle.

411 2597 421 2628 ²
440 2597 470 2650 A.
484 2596 583 2652 Nauck.
599 2599 684 2652 annal.
702 2598 822 2669 antiquit.
841 2599 976 2670 Marpurg.
989 2613 1013 2652 a.
1029 2596 1093 2650 1855
1110 2614 1136 2667 p.
1153 2596 1201 2649 120
1221 2595 1291 2652 hanc
1312 2597 1455 2671 interpreta-

342 2681 440 2735 tionem
459 2686 552 2736 tentat:
856 2694 857 2697 ’
1345 2686 1348 2694 “

528 2768 632 2821 Μᾶλλον
648 2769 709 2829 ίσως
727 2766 831 2839 γράψαις
851 2769 878 2821 ἂν
897 2767 1038 2840 γράμμασιν
1057 2767 1251 2839 θθροχαρόικτοις

529 2852 574 2918 ἠδέ
591 2854 645 2905 ποτ’
659 2852 765 2923 ἒκφόσας
784 2853 860 2925 πτερὰ
878 2853 950 2923 κοῦφ’
963 2852 1068 2905 ἀνόπαια
1086 2854 1182 2922 πέτοιο,

530 2936 558 3001 ἠὲ
577 2938 738 3007 μεταστήσαις
757 2941 844 3007 μιαρᾶς
862 2936 975 3008 ἀσέβημα
992 2940 1114 3009 γυναικός.

530 3019 619 3090 ἐρρέτω
638 3019 671 3096 ὡς
690 3019 765 3073 ἐθέλει
783 3027 872 3083 κενεαῖς
891 3022 1008 3076 ἀτταταῖσι
1025 3027 1130 3094 χαρεῖσα

530 3105 570 3156 καλ
589 3104 683 3174 θρήνοις
702 3105 770 3176 μάλα
789 3106 868 3176 λυγρὰ
888 3108 940 3159 θεον
960 3108 1080 3161 κλαίουσα
1098 3110 1214 3174 θανόντα,
1226 3148 1250 3161 ..

528 3188 654 3256 δεινοτάτη
673 3196 690 3258 †
709 3189 732 3242 ἕν
751 3190 838 3244 είδεσσι
856 3198 873 3260 †
892 3195 1051 3263 σιδηρόθετος
1067 3192 1138 3247 κτάνε
1157 3197 1239 3264 μοῖρα.

342 3276 520 3346 Augustinum
538 3277 741 3330 commutavisse
760 3278 838 3347 φύσας
853 3295 914 3331 cum
926 3277 1013 3349 φνσόιω
1026 3284 1052 3332 et
1066 3279 1128 3331 ποτέ
1138 3297 1197 3332 cnm
1210 3280 1267 3331 ποτί
1285 3298 1309 3335 ν.
1323 3282 1351 3346 2,
1369 3282 1456 3352 legisse

343 3362 396 3416 αὖ
419 3362 526 3414 κλίοοσα
546 3364 625 3433 idque
649 3363 795 3416 correxisse
818 3363 933 3416 κλείουσα
954 3381 1001 3434 pro
1026 3364 1158 3433 κλαίουσα,
1177 3365 1230 3418 κθ
1252 3363 1276 3417 ἐν
1300 3366 1388 3419 εἷθεσσι
1410 3382 1457 3419 cor·

342 3453 448 3518 ruptum
467 3465 524 3502 esse
541 3449 601 3503 fort.¹
622 3465 655 3500 ex
673 3448 747 3515 νηλής
767 3466 800 3504 τε.
835 3449 892 3517 Ego
911 3451 1058 3502 tentabam:
1288 3450 1290 3456 ’

531 3534 625 3604 μήποτε
643 3532 772 3604 γράμμασι
791 3533 886 3604 μᾶλλον
906 3535 934 3585 ἂν
953 3530 1055 3604 ἔγραφες
1074 3532 1280 3607 ὑθροχαρόικτοις,

529 3618 545 3684 ἥ
564 3636 589 3669 κε
608 3618 773 3689 κατερπνείων
793 3620 869 3690 πτερὰ
887 3619 942 3671 λεῖα
960 3617 1073 3689 δι’·ἀὲρος
1091 3616 1163 3686 ἕκτης
1342 3625 1345 3628 ‘

530 3703 590 3754 ὥστ’
600 3699 679 3773 ὄρνις,
699 3745 704 3755 .
720 3745 724 3756 .

343 3788 380 3839 ita
397 3793 426 3838 ut
443 3788 531 3856 imago
549 3794 637 3840 sumta
655 3795 725 3842 esset
742 3806 757 3843 a
775 3795 866 3854 vento,
885 3790 931 3858 qui
948 3791 1003 3842 alas
1020 3791 1101 3843 velut-i
1118 3792 1177 3844 vela
1194 3791 1322 3861 impleret.
1352 3793 1457 3847 Versum

343 3870 507 3939 Augustinus
525 3889 579 3924 non
596 3874 728 3943 integrum
745 3874 848 3927 videtur
865 3875 983 3929 vertisse.
1018 3876 1097 3927 Tum:

529 3957 544 4021 ἢ
565 3960 650 4027 μιαρῆς
669 3959 734 4027 φρέν’
754 3959 781 4011 ἂν
794 3958 918 4029 ἀγκαλέου
936 3957 1038 4029 ἀσεβοῦς
1057 3958 1168 4032 ἀλόχοιο.

530 4037 620 4109 ἐρρέτω
639 4048 664 4093 et
682 4059 707 4111 q.
721 4061 741 4095 s.

531 4124 691 4194 πανδολεροῖς
709 4145 735 4177 τε
753 4130 833 4197 γόοισι
852 4114 1047 4199 θεθνθρηνοιῖσόι
1066 4128 1182 4200 θανόντα,

531 4206 557 4259 όν
576 4226 602 4259 τε
620 4210 814 4263 δικασπολίαισιν
833 4213 873 4265 ὑπ’
887 4211 1036 4284 όρθονόοισιν
1055 4215 1148 4268 ἁλόντα

531 4293 606 4355 δεινος
625 4293 648 4346 ἐν
667 4294 811 4366 ἐμφανέεσσι
829 4300 985 4367 σιδηρόδετος
1004 4304 1080 4372 μόρος
1098 4298 1164 4353 ἔκτα.

412 4380 423 4413 ³
441 4382 480 4433 Ita
497 4379 661 4450 Augustinus
684 4398 763 4451 supra
786 4379 837 4433 ὅττι
858 4384 942 4436 vertit.
977 4387 1166 4456 Manifestarit‚
1188 4389 1205 4443 i.
1219 4370 1326 4443 esdsus
1350 4389 1457 4443 oracula.

344 4462 379 4515 Ut
396 4466 512 4533 saepius,
530 4465 688 4537 Porphyrius
706 4467 734 4519 in
751 4468 837 4520 media
855 4469 972 4522 oratione
990 4488 1038 4524 sua
1053 4474 1151 4526 oraculi
1161 4490 1267 4527 versum
1279 4472 1366 4540 affert,
1385 4491 1458 4545 quem

345 4552 422 4603 antea
440 4550 569 4606 omiserat.
587 4553 692 4608 vertor*
752 4550 803 4606 θττι
822 4552 874 4605 θεθν
892 4559 1016 4627 χωροῦσιν
1029 4556 1141 4628 Ἑβραῖοι
1159 4558 1255 4628 μᾶλλον
1273 4558 1376 4613 ἐκείνων.
